2656 4792
121 363 163 433 18
382 360 450 426 JO.
476 359 593 427 AUG.
620 357 906 425 GOERENZII

114 485 169 549 bus
187 481 337 546 bonorum
357 482 519 544 sentsnu’ae
532 481 652 564 possint
658 502 671 555 ;
685 475 749 542 vid.
766 478 810 559 V,
828 477 866 558 6,
885 501 920 563 7,
939 477 990 542 cll.
1008 481 1187 569 Angustia.

113 590 155 655 do
165 589 232 654 civ.
245 589 283 651 D.
295 586 387 667 xlx,
401 608 429 649 c.
444 584 664 648 1·3.1taenim
675 606 830 672 magnum
842 601 1048 649 momentum
1063 589 1187 652 factum

112 710 182 761 erat
202 692 244 759 ad
264 693 352 781 ipsos
379 691 543 753 bonorum
566 688 791 776 malorumque
821 688 901 753 [ines
925 691 1186 782 investigandos,

112 816 167 880 ut,
182 799 209 863 si
225 798 286 863 hac
300 798 351 862 via
368 794 530 859 recentior
543 809 619 858 astas
637 812 886 883 perseverasset,
903 796 1094 886 philosophi
1111 816 1185 886 post

112 923 237 971 renatas
267 904 373 969 literas
401 900 443 965 ad
469 900 627 965 Kantiutu
657 924 762 989 usque
788 902 821 965 in
855 903 1016 992 principio
1050 928 1182 970 morum

70 1074 73 1078 .
110 1011 267 1079 doctrinae
285 1007 513 1073 constituendo
530 1006 639 1072 minus
654 1007 726 1096 vagi
744 1008 845 1071 futuri
862 1009 1008 1074 fuissent.
1025 1010 1083 1074 llla
1098 1035 1182 1099 quo·

110 1140 177 1206 que
200 1114 383 1181 distinctius
408 1110 645 1200 enodatiusque
666 1111 852 1202 disputandi
869 1115 950 1178 ratio
982 1117 1180 1180 Antiochum

109 1220 235 1313 prodit,
256 1221 424 1285 hominem
448 1234 543 1283 acute
566 1234 599 1282 et
622 1219 782 1282 subtiliter
800 1218 1030 1302 disserentem,
1052 1224 1180 1310 qualem

108 1327 280 1408 eumdem,
298 1325 420 1400 Aoedd.
443 1327 496 1407 II,
519 1325 581 1389 sub
598 1324 725 1389 Luculli
747 1348 886 1413 persona
905 1326 1005 1391 vides.
1031 1330 1181 1417 Denique

108 1434 216 1523 ipsum
237 1454 404 1498 summum
422 1430 513 1495 illum
538 1430 775 1495 Polemoneum
795 1430 911 1514 finem,
929 1434 1099 1497 secundum
1122 1458 1179 1498 na·

107 1550 213 1620 turam
225 1541 345 1613 vivers,
359 1537 452 1618 cujus
466 1535 714 1623 explicationem
728 1536 862 1600 Polemo
878 1538 1000 1601 nullam
1014 1537 1181 1605 addiderat

108 1642 187 1731 (vid.
201 1644 258 1726 IV,
270 1666 325 1723 ro,
342 1642 413 1730 26),
428 1643 536 1707 verbis
548 1643 598 1706 his
610 1640 737 1725 additis,
750 1673 763 1699 «
774 1645 883 1708 vivere
895 1666 934 1707 ex
949 1644 1093 1709 hominis
1107 1669 1180 1735 per·

108 1772 189 1817 sona
202 1748 347 1837 undique
361 1749 518 1838 perfecta,
536 1765 570 1813 et
585 1748 667 1812 nihil
684 1749 910 1837 requirente»,
929 1751 973 1831 V,
991 1774 1048 1832 ro,
1072 1753 1130 1833 26,
1146 1752 1183 1816 ad

108 1854 261 1931 Antiochi
282 1876 362 1919 usus
380 1851 664 1919 accommodatum
688 1854 858 1941 intelliges.
882 1854 998 1918 Omnis
1018 1856 1120 1944 igitur
1135 1859 1182 1922 illa

108 1958 172 2047 (ne
189 1982 248 2048 per
269 1958 396 2047 singula
414 1959 475 2023 alia
490 1958 620 2044 eamus)
659 1960 826 2022 sententiae
845 1958 1183 2052 Academico-Peripa-

109 2063 214 2129 teticae
238 2087 296 2152 per
323 2062 474 2128 Pisonem
502 2063 666 2151 proposita
689 2062 878 2151 explicatio,
910 2080 976 2129 tota
1005 2068 1183 2132 Antiochea
1213 2136 1218 2143 ,

109 2178 181 2254 esth,
196 2170 329 2236 uberior
343 2168 495 2256 quidem,
512 2166 569 2233 sed
588 2167 650 2233 lide
667 2168 702 2233 in
719 2168 851 2257 reliquis
868 2186 966 2257 atque
984 2172 1082 2237 rebus
1105 2197 1183 2238 con·

109 2277 270 2358 sentiens,
291 2292 324 2339 et
338 2276 372 2338 in
394 2275 461 2339 sola
481 2275 521 2337 de
538 2277 610 2339 vito
634 2274 727 2339 hato
752 2277 931 2362 questione
953 2278 1089 2342 seorsim
1114 2296 1188 2344 seni

110 2382 212 2462 tiens,
229 2396 262 2444 et
278 2380 320 2443 ab
336 2379 389 2443 itta
405 2377 584 2467 divergens.
603 2379 693 2444 Dixit
707 2396 822 2445 auctor
837 2382 937 2470 igitur
951 2382 1037 2447 hanc
1052 2408 1183 2473 quoque

110 2484 372 2572 Psnpateticam,
386 2507 403 2547 a
417 2483 545 2572 potiore
565 2485 644 2549 item
663 2500 753 2573 parte
773 2510 894 2551 nomen
911 2511 1084 2577 usurpans.
1104 2493 1183 2575 Quat

110 2606 219 2654 autern
233 2612 253 2653 a
264 2588 371 2653 Tullio
383 2587 594 2669 objiciuntur,
608 2589 662 2670 26,
674 2612 715 2676 77
726 2614 736 2670 3
749 2611 802 2674 29,
816 2591 876 2672 86,
890 2614 926 2655 ea
937 2591 977 2657 ad
990 2598 1181 2661 sententiam

111 2716 200 2761 mero
222 2693 434 2759 Antiocheam
458 2710 626 2782 spectant:
646 2693 703 2760 sed
720 2694 789 2758 haec
806 2696 873 2784 ipsa
898 2720 1030 2785 quoque
1052 2724 1093 2765 ex
1118 2705 1182 2767 sola

110 2799 353 2887 comparatione
372 2815 445 2865 nata
459 2813 554 2880 sunt,
572 2821 676 2886 quum
691 2798 742 2863 his
755 2799 945 2866 Antiocheis
958 2802 1064 2868 Stoica
1079 2829 1182 2895 oppo

110 2921 240 2972 uantur.
256 2907 296 2971 In
314 2904 433 2993 quibus
449 2906 556 2992 ipsum
570 2902 702 2969 Diodoti
714 2904 813 2969 Stoici
825 2904 948 2984 judicio
964 2931 1062 2973 usum
1075 2911 1182 2976 dicere

108 3010 235 3093 licebit,
248 3034 348 3099 quem
359 3011 486 3075 'multos
502 3033 605 3075 anuos
619 3009 721 3074 domo
731 3030 790 3075 sua
801 3034 912 3075 secum
927 3013 1101 3098 habuerat,
1115 3019 1183 3106 qui·

109 3138 174 3204 que
192 3139 340 3204 expresse
358 3133 396 3181 ut
416 3116 593 3180 Antiochea
612 3130 826 3180 contemnens
844 3136 1044 3184 memoratur
1063 3123 1181 3187 Acadd.

109 3210 160 3302 11,
180 3219 237 3301 36,
256 3219 328 3287 115.
