2656 4792
463 364 847 435 INTRODUCTIO.
1145 392 1181 437 rr

106 503 245 569 titanas,
260 485 312 550 rel
324 484 444 548 horum
458 484 617 548 librorum
632 483 766 572 scriptio
783 483 823 547 ad
843 483 923 548 illud
938 507 1042 574 usque
1056 503 1186 576 tempus

109 591 318 658 extendatur.
339 591 441 655 Tertii
464 589 581 655 deinde
600 591 771 678 quartique
785 590 859 653 libri
878 614 985 655 sermo
1004 594 1045 658 ad
1064 617 1187 659 annum

113 720 178 788 7⁰¹
197 698 374 788 applicatus
389 696 526 762 videtur.
544 697 628 761 Nam
645 698 708 760 boc
720 697 793 785 ipso
806 720 894 760 anno
909 721 927 760 a
942 699 1002 763 Cn.
1016 700 1188 789 Pompeio,

115 807 251 872 tertium
272 807 426 887 consule,
443 805 494 869 lex
513 805 566 868 illa
581 803 622 868 de
640 804 766 869 ambitu
785 805 848 867 lata
864 821 930 885 est,
953 828 1016 892 qua
1035 825 1188 889 cautum,

115 932 158 977 ns
178 930 351 977 causarum
374 911 502 999 patroni
520 927 687 974 ternarum
713 910 870 974 horarum
892 910 1033 997 spatium
1051 911 1190 976 dicendo

114 1017 331 1082 excederent:
342 998 412 1080 hec
424 1032 533 1080 autem
545 1030 584 1078 ut
599 1014 775 1078 breviante
786 1015 904 1103 scripta
915 1033 1192 1081 commemoratur

115 1119 178 1203 lv,
197 1142 234 1203 1,
255 1142 283 1186 ι.
300 1118 425 1184 Eodem
439 1119 511 1207 ipso
526 1142 659 1206 quoque
675 1141 762 1181 anno
776 1121 843 1181 fato
855 1120 988 1183 functus
1006 1136 1054 1184 est
1067 1122 1103 1185 L.
1123 1123 1190 1185 Lu·

113 1227 238 1304 collus,
251 1248 292 1290 ex
305 1248 373 1313 quo
388 1223 491 1288 filium
506 1240 699 1288 testamento
714 1224 749 1287 in
764 1224 810 1288 Μ.
827 1227 957 1289 Catonis
973 1227 1106 1290 tutelam
1122 1244 1189 1291 tra·

114 1331 269 1412 didisset,
281 1331 443 1418 Tulliiqne
456 1331 553 1393 simul
568 1352 652 1394 curte
666 1329 944 1409 commendassem
958 1329 1023 1394 vid.
1037 1330 1191 1396 adnotata

114 1435 158 1502 ad
176 1438 243 1513 lli,
262 1459 300 1517 a,
320 1436 352 1501 8.
370 1435 477 1515 Hujus
492 1452 601 1499 antem
623 1435 751 1498 Luculli
772 1433 828 1498 filii
847 1436 890 1499 ita
908 1435 1030 1499 ibidem
1047 1437 1191 1524 injicitur

115 1544 261 1623 mentio,
275 1564 313 1606 ac
326 1541 352 1606 si
365 1542 451 1605 inter
462 1541 523 1604 bos
537 1541 659 1621 deeius
674 1539 865 1605 educatione
878 1558 975 1629 atque
988 1543 1103 1607 studiis
1115 1559 1186 1607 tum

113 1649 260 1738 primum
273 1668 381 1712 senno
397 1647 630 1711 institueretur.
647 1647 705 1711 His
722 1647 822 1734 igitur
836 1646 967 1712 duobus
984 1649 1189 1712 sermonibus

112 1776 151 1821 se
165 1753 486 1844 quinquagenarium
509 1753 623 1817 Cicero
645 1750 809 1816 venditat:
826 1769 860 1816 at
877 1755 973 1817 tertio
991 1755 1064 1818 libri
1082 1754 1189 1842 quinti

112 1882 269 1927 sermone
290 1857 464 1939 eumdem,
489 1859 581 1946 quasi
604 1857 728 1921 Medea
752 1859 887 1938 alicujus
911 1876 978 1923 arte
1002 1876 1189 1940 recoctum,

111 1982 252 2056 repente
263 1963 540 2031 adolescentulum
556 1965 669 2052 viginti
681 1957 759 2028 octo
774 1986 936 2028 annorum
950 1964 1056 2045 vides,
1071 1966 1188 2030 Antio·

110 2072 168 2138 obi
184 2071 329 2162 magistri
357 2072 525 2158 praeceptis
543 2071 800 2150 auscultantem,
819 2085 852 2133 et
874 2094 977 2157 quum
997 2072 1135 2134 maxime
1152 2073 1187 2135 in

112 2176 293 2243 nobilitatis
320 2176 382 2240 illis
405 2175 581 2240 Academias
600 2175 710 2263 spatiis
732 2197 809 2238 cum
830 2176 1005 2263 equalibus
1029 2174 1188 2240 deambu-

112 2285 260 2363 lantem,
282 2282 324 2347 de
340 2282 597 2371 gravissimisque
615 2282 731 2362 rebus,
748 2279 855 2367 deque
871 2281 948 2367 ipsis
966 2281 1111 2368 magistri
1130 2279 1189 2345 de·

111 2387 429 2470 cretisjudicantem.
443 2387 542 2468 Quod
552 2388 657 2475 primo
670 2386 804 2474 quidem
818 2385 973 2474 adspectu
983 2388 1107 2450 nemini
1119 2409 1187 2451 non

112 2495 237 2560 mirum
256 2493 357 2558 videri
375 2493 490 2558 debet:
510 2493 566 2557 sed
583 2495 763 2557 accuratius
782 2495 807 2556 si
825 2510 1004 2580 quaeratur,
1018 2517 1058 2557 ex
1076 2514 1189 2558 neces·

112 2602 210 2666 sitate
229 2600 369 2689 quadam
388 2622 465 2664 eum
483 2599 858 2687 itafecisseapparebi13
877 2615 976 2687 atquc
992 2600 1037 2664 sic
1053 2599 1186 2663 demum

114 2706 319 2795 dialogorum
337 2706 405 2787 illa,
423 2728 487 2792 qua
502 2706 570 2769 haec
589 2706 733 2768 excusari
750 2704 873 2785 solent,
887 2705 1015 2769 libertas
1030 2722 1116 2769 recte
1130 2704 1187 2769 ad-

112 2814 273 2879 mittetur.
292 2814 393 2877 Erant
408 2812 540 2899 qnidcm
555 2815 674 2875 Brutus
687 2829 720 2876 et
735 2813 838 2874 Varro
853 2834 889 2874 ex
905 2812 1110 2892 Antiocheia,
1130 2813 1187 2900 qui

114 2919 311 2984 disserentes
332 2917 495 2982 introduci
513 2934 677 3005 poterant,
694 2915 750 2979 sed
769 2917 802 2979 tu·
825 2917 859 2979 in
875 2916 975 2980 vivis:
993 2917 1061 3002 ipse
1075 2931 1186 2979 autem

114 3026 221 3115 legem
236 3025 298 3089 sibi
312 3024 497 3112 scripserat,
512 3046 553 3087 ne
566 3046 605 3086 ex
619 3023 669 3087 his
684 3023 743 3085 nisi
759 3023 1022 3101 interlocutores,
1036 3037 1074 3084 ut
1087 3021 1189 3105 Quin·

114 3146 169 3194 tus
194 3131 294 3193 stater
315 3145 348 3193 et
370 3129 516 3209 Atticus,
537 3127 797 3191 admitterentur.
821 3128 868 3190 Ex
891 3127 1028 3190 mortuis
1040 3126 1190 3219 restabat

116 3235 150 3300 b.
165 3235 337 3315 Lucullus,
350 3235 403 3297 cni
417 3235 450 3297 in
467 3234 614 3321 priorum
630 3232 898 3296 Academicorum
913 3231 996 3294 libro
1010 3232 1187 3318 posteriore

115 3357 223 3429 partes
238 3340 423 3428 primarias,
440 3354 477 3402 ut
491 3339 692 3418 Antiochen,
705 3337 846 3404 dederat.
860 3342 901 3402 At
918 3337 1002 3401 libro
1017 3337 1070 3400 rix
1082 3336 1187 3417 edito,

116 3446 180 3510 lroc
192 3468 211 3510 a
225 3466 263 3508 se
274 3444 395 3508 sactum
408 3445 451 3506 ita
462 3443 523 3531 ipsi
534 3442 740 3531 displicebat,
754 3459 792 3505 ut
803 3465 873 3505 eam
888 3443 988 3505 solnm
1001 3443 1046 3505 ob
1057 3464 1186 3506 causam

115 3568 224 3616 totum
247 3565 478 3638 argumentum
499 3548 559 3611 alia
580 3570 714 3636 prorsus
740 3549 864 3611 ratione
888 3548 1067 3611 elaborasse
1084 3546 1186 3612 videri

116 3657 220 3721 vellet.
236 3658 286 3719 De
297 3678 334 3719 re
344 3657 429 3744 ipsa,
439 3676 578 3742 veraque
591 3655 660 3733 ejus
671 3677 783 3734 causa,
798 3653 863 3717 vid.
873 3654 997 3717 Introd.
1009 3653 1049 3716 ad
1063 3652 1185 3718 Acadd.

118 3762 192 3850 (vol.
209 3786 281 3850 sup.
294 3784 327 3850 p.
342 3761 379 3826 15
393 3779 476 3825 nost.
491 3760 565 3847 ed).
580 3762 675 3825 Solus
685 3760 761 3823 inde
775 3762 835 3849 ipsi
850 3762 894 3825 M.
906 3762 1030 3849 Pupius
1045 3761 1120 3823 Piso
1130 3782 1187 3825 oc·

120 3868 284 3948 metat,
299 3866 410 3932 decem
427 3870 494 3930 fere
511 3867 605 3930 annis
620 3867 727 3930 Tullio
746 3868 867 3949 major,
889 3890 923 3929 re
941 3867 1008 3954 ipsa
1024 3886 1102 3929 vero
1123 3888 1188 3952 prae

122 3975 231 4038 ceteris
245 3973 393 4038 idoneus.
412 3972 567 4037 Audierat
579 3974 632 4035 hic
646 3973 732 4036 enim
748 3995 816 4036 non
832 3974 939 4036 solum
956 3970 1102 4035 studiose
1117 3973 1186 4034 An-

125 4080 286 4163 tioolurro,
310 4081 366 4146 aad
382 4082 478 4146 etiam
494 4082 635 4146 Staseam
656 4081 906 4169 Peripateticum
923 4079 980 4143 diu
1000 4101 1109 4144 secum
1129 4078 1187 4143 ha·
