2656 4792
502 396 795 468 PRAEFATIO.
1165 405 1186 473 3

108 519 235 609 singuli
253 534 361 582 tamen
378 518 514 606 singulis
531 519 567 581 in
585 518 665 583 locis
690 541 783 581 suam
807 517 984 606 quamdam
999 521 1098 587 iidem
1116 547 1186 589 me·

109 643 264 708 reantur,
287 625 377 691 baud
399 647 473 689 raro
500 640 587 689 certe
614 624 794 713 probatiori
824 625 954 690 lectioni
981 649 1185 697 momentum

109 729 247 795 addant.
265 732 453 795 basileensis
468 732 537 794 fere
551 753 627 794 cum
644 729 731 795 Gud.
746 733 761 794 Ι
779 731 874 794 facit:
892 730 1062 798 Gudianus
1077 753 1185 801 sutem

109 838 143 900 11
169 836 222 900 his
246 837 280 899 in
305 837 394 901 libris
418 837 660 914 auctoritatem,
677 857 776 923 quam
802 835 834 898 in
859 835 928 900 aliis
950 837 1023 916 jure
1047 840 1188 925 obtinet,

109 942 223 1006 minus
243 958 366 1006 tuetur.
388 940 551 1006 Eumdem
567 943 602 1006 in
624 964 760 1006 censum
778 942 917 1005 veniunt
935 944 1082 1032 quinque
1100 949 1189 1012 010-

109 1048 242 1111 nienses
260 1079 283 1111 ι.
297 1049 338 1110 U.
358 1046 454 1135 (quos
478 1069 562 1135 saepe
588 1069 694 1133 operae
711 1063 830 1109 nostra
856 1070 952 1134 prave
970 1049 1007 1112 E.
1021 1049 1061 1115 V.
1080 1057 1187 1141 signa·

109 1153 223 1240 runt);
237 1163 259 1226 ξ.
270 1184 296 1232 χ.
308 1163 334 1230 ψ.
350 1153 544 1217 Viennensis
560 1153 681 1235 Alteri,
708 1153 801 1232 cujus
818 1154 985 1219 varietates
1002 1158 1121 1223 Bremii
1137 1157 1188 1222 di·

108 1258 279 1349 ligentiam
306 1259 527 1348 effugerunt:
564 1280 706 1345 cumque
733 1258 784 1321 bis
813 1258 886 1345 plus
919 1260 1028 1325 minus
1051 1263 1191 1353 reliqui,

109 1362 241 1428 dudum
269 1364 303 1426 in
333 1364 463 1427 criticos
493 1385 570 1426 usus
599 1360 747 1426 adhibiti.
772 1363 902 1439 Possint
924 1380 1032 1429 tamen
1052 1368 1188 1431 Oxonn.

112 1500 135 1532 t.
152 1485 186 1534 et
199 1479 220 1542 ξ.
238 1470 340 1533 tertie
365 1469 459 1533 alicui
484 1469 574 1533 classi
598 1469 769 1556 separatim
794 1467 950 1552 adscribi3
968 1473 1079 1560 plures
1098 1476 1185 1538 enirn

111 1598 171 1664 per
192 1597 227 1638 se
254 1572 387 1662 quidem
412 1575 546 1637 minime
569 1573 822 1638 contemnendas
842 1574 996 1639 lectiones
1014 1579 1188 1665 proebent:

112 1679 174 1747 sed
189 1679 234 1744 its
249 1679 319 1743 fere
333 1681 467 1746 seorsim
483 1680 625 1762 abeunt,
638 1695 676 1744 ut
691 1681 793 1769 magis
812 1679 941 1745 doctam
958 1683 1098 1770 aliquam
1117 1694 1188 1748 cirr-

108 1788 417 1870 meorumnam,
434 1811 532 1875 quam
547 1789 723 1877 genuinam
738 1788 880 1852 auctoris
897 1789 1035 1876 prodere
1052 1791 1187 1856 videan-

110 1912 176 1960 tur.
192 1893 273 1958 lnde
290 1896 456 1960 noluimus
475 1896 535 1960 hos
555 1896 642 1984 ipsos
661 1918 737 1959 cum
755 1897 884 1959 Bremio
902 1898 1040 1986 principi
1056 1900 1187 1964 illorum

110 2000 204 2065 classi
217 1997 356 2063 adscribi
370 2023 378 2064 ε
392 2001 514 2088 quippe
530 2024 624 2088 aqua
640 2002 744 2064 multo
759 2001 874 2087 saepius
888 2001 1070 2084 discedant,
1089 2028 1186 2092 quam

110 2127 193 2170 cum
208 2127 246 2168 ea
263 2106 460 2193 conspirant.
484 2109 635 2170 Ceterum
653 2104 742 2169 haud
758 2128 873 2192 parum
895 2105 1059 2189 dolemus,
1076 2132 1187 2198 earum

108 2211 209 2275 nobis
219 2210 431 2275 collationum
443 2234 541 2276 usum
559 2235 628 2275 non
643 2232 714 2276 esse
727 2233 936 2292 concessum,
951 2235 1042 2300 quas,
1058 2215 1084 2278 si
1101 2231 1188 2279 recte

110 2317 371 2396 numeravimus,
391 2315 531 2382 sedecim
553 2338 691 2381 numero
712 2338 828 2380 censor
852 2315 1145 2400 Emendationum,
1169 2344 1188 2383 a

109 2421 232 2486 Rathio
247 2423 388 2510 repetitae
405 2422 583 2486 Davisianae
599 2421 720 2484 horum
734 2421 893 2484 librorum
911 2422 1046 2487 editioni
1064 2424 1188 2489 addita·

109 2549 205 2609 rum,
235 2527 268 2591 in
295 2527 566 2615 premeridibus
592 2528 738 2591 literariis
768 2528 979 2608 lenensibus,
1004 2553 1096 2596 num.
1124 2532 1186 2612 63,

111 2655 225 2696 mense
244 2633 375 2716 martio,
396 2631 499 2715 1805,
515 2655 586 2721 pag.
600 2632 681 2719 498,
697 2632 879 2697 stabiliendi
893 2633 1007 2714 judicii
1021 2636 1071 2698 sui
1089 2659 1185 2703 causa

110 2736 274 2801 adhibuit.
293 2737 452 2801 Consulto
468 2753 576 2801 autem
594 2737 634 2801 ab
652 2736 720 2801 istis
738 2737 761 2800 l.
776 2738 797 2802 l.
818 2739 955 2802 enotatis
975 2740 1183 2806 varietatibus
1251 2752 1257 2767 '

109 2841 343 2922 abstinuimus,
362 2864 404 2906 ne
426 2843 459 2905 in
486 2841 589 2906 aliena
614 2843 765 2906 invasisse
791 2841 995 2922 videremur,
1022 2845 1073 2908 vel
1096 2863 1183 2909 certe

111 2946 195 3010 alius
216 2946 332 3011 usibus
351 2945 520 3012 destinata.

156 3053 236 3117 Haec
254 3049 295 3115 de
313 3052 440 3141 scriptis
456 3053 563 3131 libris,
583 3076 723 3140 quorum
737 3054 879 3118 tabulam
895 3055 928 3117 in
944 3055 1059 3118 classes
1072 3053 1185 3120 distin·

110 3173 241 3222 cnorum
264 3156 349 3222 infra
373 3158 569 3223 addidimus.
598 3160 645 3222 Ex
670 3160 833 3248 impressis
860 3176 969 3223 autem
998 3161 1181 3243 veteribus,

114 3284 200 3349 quos
219 3262 293 3326 usui
310 3262 379 3327 fore
394 3263 607 3351 putabamus,
629 3263 801 3351 plerosque
825 3287 938 3328 omnes
959 3266 1181 3333 contulimus:

111 3369 198 3431 inter
216 3389 300 3454 quos
320 3383 427 3432 tamen
451 3367 547 3458 longe
572 3369 692 3433 eminet
708 3370 794 3433 Petri
812 3371 908 3433 Marsi
929 3370 1043 3453 editio,
1060 3374 1182 3462 quippe

111 3494 183 3560 quse
202 3493 272 3535 non
295 3472 396 3537 modo
413 3495 498 3561 sepe
521 3496 556 3537 se
582 3473 770 3538 melioribus
790 3474 904 3556 addat,
930 3474 988 3539 sed
1004 3480 1181 3564 quaterrel

111 3576 301 3664 quinquies,
333 3577 513 3666 insignibus
544 3578 610 3642 fere
640 3577 738 3660 locis,
776 3581 844 3644 sola
877 3580 1042 3668 sequenda
1070 3584 1178 3648 fuerit.

111 3679 227 3768 Neque
243 3680 370 3746 Marsus
386 3683 413 3746 is
427 3699 512 3763 erat,
531 3684 588 3769 qui
606 3699 722 3771 suopte
740 3684 891 3773 ingenio,
908 3686 1057 3750 Lambini
1072 3710 1179 3761 more,

112 3785 253 3849 nimium
272 3787 451 3852 tribueret:
475 3811 549 3852 nam
567 3788 595 3853 si
614 3787 765 3875 quando,
783 3790 874 3878 quod
897 3792 998 3855 rarius
1016 3791 1145 3876 accidit,
1160 3819 1179 3858 a

113 3892 237 3980 scriptis
254 3894 319 3956 suis
336 3892 566 3958 discedendum
586 3910 697 3982 putas,
724 3896 872 3984 religiose
888 3898 919 3959 in
941 3900 1179 3963 commentariis

115 3994 248 4062 lectores
276 3998 448 4079 admonet;
473 3998 548 4063 alias
573 3999 691 4062 horum
720 4016 859 4065 sectator
891 4003 986 4066 nimis
1018 4002 1177 4068 credulus.
