2656 4792
55 106 920 130 mmmmmmmmfflfflfflw
923 109 1138 130 mmm

169 329 329 420 novi
362 327 659 418 EDITORls
692 304 1037 418 ansuino.

482 531 722 556 -Φ-

61 693 209 847 Quum
239 738 347 810 multi
375 740 453 810 DD.
476 739 556 808 VV.
583 737 640 808 his
666 734 835 827 edendis,
863 741 1082 839 castigandis
1108 761 1144 818 et

61 860 288 937 illustrandis
316 861 362 933 de
388 859 539 933 Finibus
563 859 751 933 bonorum
775 863 1016 937 etmalorum
1043 867 1146 944 libris

63 1010 215 1087 operam
236 986 469 1071 donaverint,
490 988 784 1082 posterioresque
807 984 965 1059 editores
980 995 1145 1088 superio·

63 1136 145 1183 rum
174 1107 471 1184 elucubrationes
498 1107 602 1179 lucro
630 1112 890 1208 apposuerint,
913 1111 1144 1215 diversasque

67 1260 192 1308 eorum
217 1235 411 1333 opiniones
432 1233 698 1305 accuratissime
729 1233 1011 1332 perpenderint,
1034 1244 1146 1315 satius

65 1359 173 1433 nobis
200 1362 319 1432 visum
347 1372 538 1430 estunam
565 1356 725 1454 aliquam
750 1359 847 1429 inter
871 1363 1083 1436 novissimas
1109 1379 1147 1438 ct

64 1485 223 1581 optimas
243 1480 421 1554 editiones
439 1479 606 1579 seligere,
623 1505 704 1578 quae
721 1479 874 1578 hujusce
892 1500 1024 1558 nostrae
1043 1493 1147 1587 quasi

63 1605 346 1679 fundamentum
361 1618 473 1707 esset,
491 1626 604 1702 quam
622 1627 774 1701 prorsus
790 1629 929 1678 novum
945 1608 1085 1709 aliquid
1099 1614 1145 1687 de

65 1745 194 1803 nostro
215 1726 414 1826 refingere3
437 1725 541 1798 aliter
557 1722 680 1796 forsan
701 1724 852 1812 dicturi,
872 1727 936 1800 sed
954 1755 1031 1802 non
1048 1751 1148 1809 certe

64 1852 197 1925 melius
216 1876 327 1950 quam
347 1865 401 1922 tot
421 1848 705 1948 prestantissimi
723 1849 802 1919 viri.

115 1981 246 2075 ltaque
284 1998 363 2045 eam
401 1974 633 2071 potissimum
673 1970 872 2044 editionem
913 1936 1148 2055 adhibuimus

66 2123 178 2196 quam
194 2103 249 2170 Jo.
264 2101 354 2194 Aug.
367 2100 546 2197 Goerenz,
563 2093 661 2166 idem
679 2094 739 2167 ille
761 2099 826 2195 qui
847 2098 955 2171 nobis
974 2115 1030 2173 tot
1043 2107 1146 2176 auxi·

66 2222 113 2293 lia
142 2219 349 2320 praebuerat
376 2223 415 2290 in
444 2216 595 2290 edendis
617 2216 841 2291 Academicis
866 2219 992 2311 libris,
1023 2232 1148 2326 paucis

65 2343 204 2417 abhinc
225 2344 331 2415 annis
353 2341 507 2441 protulit
523 2340 597 2437 (1);
619 2341 758 2439 quippe
777 2368 877 2440 quar,
898 2350 1064 2420 omnium
1084 2350 1146 2424 do.

65 2485 211 2541 ctorum
247 2464 442 2564 suffragio,
472 2464 550 2537 aliis
584 2464 756 2537 omnibus
787 2466 964 2541 hactenus
998 2473 1148 2572 prolatis

65 2607 236 2693 praestat:
271 2615 376 2678 nam,
404 2605 445 2662 ut
471 2590 532 2662 ille
565 2593 688 2662 omnia
718 2615 798 2688 quae
828 2593 866 2662 in
899 2598 1149 2692 superioribus

67 2716 172 2790 libris
191 2717 344 2813 alicujus
363 2730 466 2788 erant
484 2713 648 2785 utilitatis
664 2717 850 2812 exposuit,
866 2731 903 2787 et
920 2724 1034 2818 aequis
1053 2750 1147 2822 pon-

68 2839 223 2913 deribus
251 2837 486 2925 examinavit,
513 2837 562 2908 ita
590 2835 703 2908 multa
735 2861 828 2910 nova
856 2839 1012 2933 addidit,
1040 2870 1149 2944 prava

80 3142 84 3149 '
113 3134 156 3218 (1)
176 3138 243 3194 Hoc
257 3134 343 3193 titulo
359 3157 366 3191 :
385 3136 451 3191 «M.
468 3136 501 3192 T.
517 3131 667 3191 Ciceronis
680 3129 717 3189 de
734 3129 854 3190 Finibus
874 3132 1023 3195 bonorum
1043 3150 1073 3196 et
1087 3160 1150 3199 ma-

71 3244 169 3300 lorum
186 3238 256 3299 libri
269 3245 304 3299 V.
323 3242 369 3298 Ex
386 3238 501 3318 seriptis
518 3257 620 3296 recens
635 3237 748 3296 collatis
765 3236 909 3317 editisque
930 3240 1013 3301 libris
1029 3246 1150 3325 castiga-

71 3346 129 3404 tius
146 3357 177 3403 ct
192 3343 368 3424 explicatius
382 3341 474 3403 edidit
490 3348 537 3402 Jo.
559 3347 633 3422 Aug.
650 3347 783 3401 Goerenz.
801 3345 924 3423 Lipsiae,
948 3348 1038 3423 1813,
1061 3352 1092 3409 in
1115 3353 1150 3411 li-

70 3451 171 3510 bmria
184 3450 389 3511 Weidmauuia
401 3476 423 3507 υ.
434 3453 552 3506 -Post
565 3447 726 3507 editionem
742 3449 920 3524 confectam,
947 3454 1039 3512 multe
1054 3458 1150 3515 corri-

72 3556 185 3636 genda,
197 3556 338 3616 mutanda
353 3568 405 3615 aut
418 3554 554 3615 addenda
568 3553 631 3632 ipse
643 3554 771 3625 invenit,
785 3573 850 3631 quae
862 3555 891 3612 iu
902 3556 981 3615 calce
995 3555 1078 3629 libri,
1096 3560 1152 3620 sub

73 3661 352 3723 Additamentorum
373 3674 404 3721 ct
429 3658 677 3738 Corrigendorum
698 3659 802 3730 titulo,
817 3662 972 3739 apposuit3
995 3683 1030 3723 ca
1049 3685 1103 3727 uos
1122 3669 1153 3727 in

75 3786 159 3826 suum
179 3788 305 3848 quasque
324 3767 423 3826 locum
443 3764 645 3826 transferenda
666 3765 839 3823 curavimus.

150 3880 195 3946 Π.
219 3893 336 3960 Cicpm
349 3892 425 3941 tertia.
590 3886 597 3907 ¹
984 3904 1008 3945 a
