2656 4792
399 355 791 425 ruraonucrro.
1016 316 1020 323 ⁸
1103 381 1127 450 9

48 493 131 541 :inte
155 474 191 539 id
204 475 346 556 bellum,
362 475 415 538 vel
429 476 463 538 in
481 499 520 540 eo
540 477 613 565 ipso
630 477 831 542 occiderunt.
852 477 893 540 ld
908 477 1039 566 quidem
1056 501 1074 542 a
1094 502 1128 542 se

52 582 208 646 consulto
231 582 353 645 factum
375 598 490 645 auctor
506 583 575 671 ipse
594 599 745 662 testatur,
769 586 835 646 Art.
858 584 958 664 Xlll,
978 606 1029 672 ep.
1058 607 1127 670 19:

55 720 68 742 u
79 688 165 769 Quae
180 686 231 749 his
245 685 447 773 temporibus
462 686 594 774 scripsi,
610 688 774 766 Ᾰριςοτίιιιον
790 709 915 750 morem
931 686 1073 753 habent:
1091 689 1124 751 in

56 815 125 880 quo
153 814 262 855 sermo
288 790 332 854 ita
361 789 530 855 inducitur
548 807 748 873 ceterorum,
769 807 807 855 ut
832 813 932 879 penes
953 792 1062 880 ipsum
1086 793 1127 857 sit

56 899 267 987 principatus.
281 899 331 961 Ita
342 899 468 962 confeci
480 899 626 986 quinque
638 899 738 962 libros
750 909 805 978 erpi
815 914 908 979 roos,
923 914 960 962 ut
969 900 1127 987 Epicurea
1179 914 1182 925 '

56 1005 91 1068 L.
104 1004 291 1090 Torquato,
304 1002 411 1067 Stoica
421 1002 469 1065 Μ.
481 1003 615 1084 Catoni,
629 1013 818 1082 ηιριπιιητικὰ
825 1003 871 1066 Μ.
880 1002 989 1066 Pisoni
1000 1001 1129 1070 darem:

56 1118 240 1180 ὀζιλοτύπιτον
255 1104 290 1169 id
304 1107 375 1170 fore
390 1107 561 1194 putabam,
582 1105 672 1194 quod
688 1129 801 1170 omnes
822 1107 868 1170 illi
887 1105 1090 1171 decesserant
1102 1140 1126 1175 υ.

56 1215 104 1277 lta
131 1210 267 1301 quidem
293 1227 407 1276 auctor
432 1211 473 1275 ad
499 1211 651 1277 invidiam
676 1212 762 1276 inter
784 1213 874 1277 vivos
896 1212 1060 1277 vitandam
1084 1210 1126 1276 ad

54 1334 164 1383 morte
181 1317 355 1383 defunctos
370 1318 570 1407 confugerat.
586 1318 650 1403 Sed
665 1318 774 1406 quoad
794 1318 885 1382 illum
901 1317 1126 1383 Aristotelem

55 1446 192 1504 rum,
212 1446 253 1487 ex
276 1446 343 1512 quo
360 1424 474 1488 Cicero
496 1446 606 1488 rerum
632 1421 899 1511 disputandamm
915 1422 1074 1503 judicium
1090 1423 1125 1486 in

56 1531 264 1621 suam'ipsius
282 1554 453 1620 personam
472 1530 647 1596 contulisse
660 1554 694 1594 se
708 1529 804 1612 dicit,
821 1530 930 1594 locum
944 1530 1034 1594 hunc
1051 1552 1126 1593 cor·-

54 1652 192 1725 ruptum
203 1635 328 1716 judicat
334 1637 604 1724 Wyttenbach.V.
617 1636 683 1700 Cel.
697 1636 731 1699 in
748 1636 893 1724 Epistola
907 1635 1003 1700 docta
1018 1635 1070 1699 illa
1084 1634 1126 1699 ad

54 1741 354 1829 HeusdiiSpeeimen
366 1746 435 1807 erit.
446 1743 479 1805 in
492 1741 579 1807 Plot.
589 1766 621 1831 p.
631 1742 683 1822 513
695 1765 763 1806 non
777 1743 951 1806 convenire
966 1743 1035 1807 haec
1048 1765 1124 1806 cum

54 1849 119 1913 alio
132 1849 232 1913 Tullii
244 1849 335 1930 loco,
346 1848 438 1913 Divv.
448 1850 475 1931 I,
487 1872 537 1937 ep.
550 1872 582 1935 9,
594 1851 652 1936 67:
666 1880 680 1904 ι
690 1849 808 1937 Scripsi
822 1850 920 1937 igitur
933 1848 1125 1914 Aristotcleo

55 1977 168 2036 more,
182 1953 460 2041 quemadmodum
476 1953 609 2041 quidem
621 1954 729 2034 volui,
744 1970 808 2017 tres
818 1954 918 2017 libros
933 1955 965 2017 in
981 1954 1124 2043 disputa·

55 2062 148 2124 tione
172 2074 207 2123 et
228 2059 356 2148 dialogo
379 2058 420 2124 de
446 2060 583 2124 Oratore
598 2084 636 2123 n:
662 2083 722 2123 nec
750 2082 826 2123 curn
851 2060 914 2123 alio
937 2060 1124 2140 Ammonii,

54 2168 187 2242 troque
196 2166 244 2235 di,
255 2171 304 2223 ire
317 2171 488 2241 pelliciarius
501 2171 634 2241 προσώπου
649 2172 809 2240 συνέγραφεν,
822 2170 875 2221 ἀλλ’
887 2170 969 2239 ὥσπερ
982 2171 994 2223 i
1006 2170 1127 2225 nterea.

53 2264 241 2334 ὑποκρινόμενος
254 2264 340 2334 talpas
354 2264 490 2334 πρόσωπα,
503 2283 526 2315 κ.
540 2286 563 2317 τ.
575 2270 599 2317 λ.
620 2277 660 2317 ex
686 2254 735 2316 his
758 2253 844 2316 enlm
864 2252 970 2341 colligi
993 2251 1127 2334 debere,

55 2360 239 2424 Aristotelis
263 2358 296 2421 in
326 2356 459 2448 dialogis
491 2382 617 2422 morem
642 2359 804 2422 contrario
830 2359 902 2421 loco
926 2380 993 2421 non
1023 2357 1057 2420 in
1087 2381 1127 2423 eo

55 2463 258 2544 constitisse,
273 2479 311 2526 ut
323 2486 362 2526 ex
379 2485 437 2527 sua
454 2464 521 2551 ipse
543 2485 678 2552 persona
697 2464 853 2550 loquutus
867 2463 924 2544 sit,
943 2461 1001 2529 sed
1016 2478 1054 2526 ut
1075 2462 1126 2525 lo·

56 2586 196 2658 quentes
220 2568 384 2633 induxerit
407 2569 496 2633 alios.
521 2569 687 2632 Ammonii
713 2567 845 2656 quidem
867 2570 976 2632 locum
997 2591 1037 2632 ex
1058 2567 1126 2648 ejus

55 2675 218 2739 contextis
242 2674 406 2755 judicare,
429 2697 533 2761 quum
560 2697 634 2738 eum
658 2674 690 2736 in
718 2673 815 2752 hujus
842 2673 918 2736 Vita
944 2673 1128 2737 Aristotelis

54 2781 176 2845 frustra
190 2779 432 2866 quaesissemus,
446 2777 699 2866 haudquaquam
717 2778 810 2841 nobis
826 2778 956 2841 facultas
974 2779 1056 2842 luit:
1072 2776 1128 2843 sed

55 2886 81 2949 si
95 2884 138 2949 de
151 2908 208 2966 eo,
222 2901 382 2972 quatenus
397 2884 570 2975 excitatum
587 2884 722 2971 legimus
731 2931 740 2963 ,
749 2882 909 2963 judicium
921 2883 1018 2965 valet,
1032 2907 1128 2971 posse

55 2990 125 3056 lraec
135 2989 300 3055 conciliari
313 2990 392 3053 nihil
407 2988 603 3053 dubitamus.
619 2989 671 3052 Sic
683 2992 770 3051 enim
781 2987 877 3051 verba
892 2991 960 3069 ejus
974 2987 1128 3053 vertenda

55 3096 224 3176 ridentur,
243 3094 419 3184 «dialogice
438 3112 566 3171 autem,
592 3110 756 3182 quotquot
780 3118 893 3159 eorum
916 3117 984 3157 non
1008 3118 1046 3158 ex
1070 3117 1128 3159 sua

56 3204 157 3292 ipsius
183 3224 342 3290 persona,
365 3200 442 3282 sed,
468 3201 610 3265 Platonis
634 3201 800 3288 exemplo,
825 3200 963 3263 induens
988 3202 1125 3264 aliorum

55 3330 229 3395 personas,
248 3305 450 3371 scribebat-2
472 3322 509 3369 ut
525 3306 574 3369 his
594 3305 713 3393 duplex
729 3306 908 3371 Aristotelis
925 3305 1125 3395 dialogorum

55 3434 157 3501 genus
172 3411 351 3491 indicetur,
367 3411 523 3490 alterum,
540 3433 607 3496 quo
626 3410 679 3474 hic
696 3426 729 3474 et
741 3410 842 3497 ipsius
859 3432 995 3497 persona
1006 3412 1127 3498 priuci-

51 3533 164 3605 potum
182 3517 275 3581 illum
289 3515 485 3597 obtinuerit,
501 3517 656 3595 alterum,
674 3515 731 3578 ubi
749 3515 810 3579 sub
827 3515 1005 3578 alienarum
1020 3538 1130 3604 perso·

55 3646 172 3687 aarum
192 3621 384 3687 auctoritate
400 3621 586 3685 delituerit:
603 3620 702 3709 idque
721 3622 829 3708 ipsum
847 3623 929 3684 forte
942 3620 1129 3709 dupliciter,

56 3730 172 3816 partim
196 3726 310 3807 judicii
336 3749 496 3790 summam
522 3725 561 3790 ad
585 3750 689 3790 unum
713 3727 853 3814 aliquem
882 3730 1071 3807 conferens,
1092 3746 1129 3791 ut

57 3834 183 3898 Tullius
199 3833 232 3895 in
246 3832 335 3895 libris
350 3830 390 3896 de
404 3832 528 3896 Natura
544 3834 688 3895 Deorum
703 3831 744 3895 ad
756 3834 900 3914 Cottam,
915 3833 1033 3920 partim
1049 3856 1132 3897 eam·

59 3938 129 4003 dem
148 3939 236 4002 inter
258 3939 367 4025 plures
394 3937 610 4018 distribuens,
628 3955 666 4002 ut
688 3938 773 4001 idem
794 3938 827 4000 in
847 3937 907 4001 illis
923 3939 963 4001 dc
983 3942 1131 4003 Oratore.

61 4044 148 4111 Hanc
169 4066 249 4109 vero
273 4043 336 4108 loci
356 4045 423 4109 rim
446 4042 626 4109 desiderare
647 4068 709 4108 vox
731 4056 778 4107 tae
795 4043 938 4125 videtur,
959 4068 1083 4133 quum,
1102 4046 1129 4107 si
