2656 4792
201 367 248 464 xij
526 367 666 439 Novl
697 368 949 439 EDITORIS

200 504 360 576 multum
376 505 548 601 quesivi,
567 525 703 601 quum,
724 503 794 573 nisi
813 504 965 600 pessima
985 526 1139 600 quaeque
1159 504 1279 577 decer·

200 643 315 728 psent
330 628 634 725 ClVerburgius,
653 625 861 699 nihiltanto
873 627 1024 698 nomine
1047 626 1201 725 dignum
1221 655 1278 703 re·

201 765 463 851 presentarent
476 782 503 822 n.

249 882 343 949 Ante
366 875 492 950 oculos
515 874 711 947 babuimus
728 899 879 974 quoquc
898 875 1028 946 Olivcti
1052 893 1279 949 commenta-

199 1004 340 1075 riorum
366 998 566 1090 delectum,
598 1013 636 1071 et
662 1001 819 1071 Ernestii
851 1000 1024 1097 (Lipsiae,
1053 1000 1167 1097 1776)
1203 1001 1279 1072 edi·

199 1128 339 1199 tionem
358 1122 430 1220 (ι),
454 1138 492 1195 et
520 1147 598 1195 eam
625 1124 816 1222 specialem
841 1146 951 1220 quam
986 1123 1143 1213 (Turici,
1168 1126 1281 1222 1798)

201 1251 339 1323 curavit
369 1248 531 1320 Bremius
560 1246 638 1344 (n);
675 1262 713 1318 et
734 1245 1074 1320 Animadversiones
1110 1250 1147 1318 in
1187 1248 1281 1321 duos

239 1450 283 1530 (r)
304 1449 458 1510 Audienda
482 1462 550 1508 sunt
575 1467 641 1528 quae
666 1446 704 1506 de
732 1448 856 1507 Ernestii
880 1461 910 1507 et
934 1449 1131 1528 quorumdam
1155 1451 1282 1509 aliorum

199 1570 267 1637 post
285 1556 435 1617 Davisiunr
450 1554 598 1614 editorum
617 1555 719 1613 critico
737 1553 837 1613 labore
852 1569 968 1613 censeat
978 1561 1013 1613 V.
1031 1562 1067 1615 D.
1079 1562 1114 1615 R.
1131 1556 1208 1615 God.
1223 1561 1283 1616 Ra·

182 1654 189 1665 ’
202 1661 298 1722 thius:
313 1689 326 1715 α
336 1661 476 1734 Ernestii,
487 1660 598 1719 Penrcii
612 1673 640 1719 et
653 1659 847 1739 quorumdam
861 1660 986 1719 aliorum
1003 1681 1039 1719 ex
1055 1662 1283 1735 recentioribus,

201 1788 305 1847 magna
320 1767 371 1827 illa
384 1767 503 1846 quidem
514 1767 632 1825 nomina
649 1781 716 1826 sunt
737 1787 771 1825 ec
791 1766 926 1845 grundia;
941 1766 991 1826 sed
1010 1788 1113 1827 corum
1130 1789 1223 1846 opera
1238 1769 1283 1827 his

202 1876 233 1934 in
249 1874 331 1934 libris
346 1874 441 1953 posita
454 1872 527 1932 adeo
545 1892 635 1952 parva
655 1886 700 1932 est
720 1885 808 1951 atque
824 1874 944 1952 exigue,
965 1886 1012 1946 ut,
1036 1875 1061 1932 si
1084 1876 1161 1933 sorte
1184 1876 1283 1953 suspi-

201 1994 285 2047 cetur
297 1981 458 2060 quispiam,
478 2000 525 2038 me
545 1999 647 2038 eorum
662 1977 800 2037 laudibus
813 1978 979 2039 obtrectare
998 1981 1088 2051 velle,
1109 2000 1177 2038 eum
1195 1981 1285 2038 etiam

200 2102 289 2169 etque
308 2090 396 2148 etiem
410 2107 535 2166 rogem,
553 2102 589 2147 ut
608 2108 698 2147 unum
719 2086 807 2146 modo
832 2090 928 2145 locum
953 2088 1054 2167 paullo
1078 2088 1182 2165 majori
1205 2088 1286 2145 dilli-

203 2196 311 2256 oultate
326 2195 508 2254 laborantem
525 2193 675 2264 ostendat,
691 2213 778 2272 quem
796 2193 843 2252 isti
859 2193 930 2264 viri,
950 2194 1002 2272 qni
1022 2195 1129 2252 sumnri
1148 2195 1203 2251 viri
1227 2214 1283 2271 ap-

204 2288 400 2381 pellabantur,
415 2314 461 2373 et,
481 2300 504 2357 si
518 2299 573 2358 diis
585 2301 698 2377 placet,
717 2299 886 2358 criticorum
900 2301 1064 2378 principes,
1082 2320 1136 2358 suo
1151 2300 1286 2358 acumine

205 2405 438 2486 expediverintu.

246 2510 289 2591 (n)
305 2516 369 2571 Hoc
382 2509 483 2568 titulo:
496 2513 560 2568 «De
568 2508 689 2569 Finibus
699 2508 769 2569 bon.
779 2522 809 2568 et
819 2510 885 2568 mal.
897 2509 964 2568 libri
976 2510 1122 2587 quinque,
1137 2529 1173 2566 ex
1185 2530 1287 2568 recen-

207 2617 289 2677 sione
302 2629 332 2674 et
345 2635 411 2674 cum
424 2615 501 2673 notis
513 2619 561 2673 Jo.
574 2620 665 2675 Henr.
678 2616 785 2674 Bremii
797 2637 805 2686 3
819 2616 935 2686 Turici,
950 2614 1028 2694 apud
1038 2621 1073 2672 H.
1086 2620 1286 2686 Gessnerurn,

209 2725 295 2801 1798.
306 2749 318 2774 »
329 2754 369 2767 -
380 2726 452 2781 Tres
467 2721 667 2780 tautummodo
683 2722 797 2800 priores
811 2719 880 2778 libri
894 2722 977 2800 prelo
990 2720 1120 2779 mandati
1136 2734 1219 2791 sunt;
1235 2722 1288 2780 sed

207 2830 330 2910 scriptas
341 2829 371 2887 in
386 2843 539 2908 sequentes
555 2828 647 2888 libros
658 2842 742 2887 notas
755 2828 785 2886 in
798 2827 932 2886 munibus
947 2827 1051 2887 babuit
1065 2835 1197 2888 Goerenz.
1211 2829 1289 2887 Vide

206 2937 298 3009 infra,
311 2941 392 2996 Goer.
406 2936 519 3014 praefnt.
531 2955 560 3013 p.
577 2944 612 3007 4,
632 2934 684 2993 lin.
701 2935 729 2991 6.
742 2967 783 2978 -
800 2932 935 3012 Legenda
948 2947 1016 2993 seint
1031 2954 1097 3013 quae
1112 2935 1244 2992 Bremius
1257 2936 1286 2992 in

208 3042 380 3121 pensatione
387 3041 424 3099 de
431 3060 485 3099 suo
493 3040 547 3098 bos
557 3038 648 3098 libros
657 3039 980 3110 edendiconsili0,etde
987 3039 1188 3119 superioribus
1196 3040 1291 3099 edito·

206 3146 289 3206 ribus
302 3147 433 3225 scripsit:
446 3145 575 3205 «Omnia
589 3144 736 3204 Ciceronis
752 3145 876 3223 scripta,
890 3144 1095 3223 philosophica
1110 3147 1290 3224 praesertim,

206 3254 363 3332 diligenter
379 3254 531 3324 evolvens,
547 3252 697 3332 praecipuo
710 3251 839 3330 quodam
858 3252 945 3310 unius
962 3272 1079 3319 amore,
1103 3265 1134 3310 ut
1153 3253 1289 3313 accidere

206 3360 299 3431 solet,
313 3371 416 3436 captus
435 3377 514 3429 sum,
533 3356 676 3415 librorum
696 3355 733 3414 de
755 3356 876 3416 Finibus
902 3356 1051 3415 bonorum
1074 3371 1105 3415 et
1127 3360 1289 3434 malorum,

206 3478 268 3524 tum
289 3477 411 3543 propter
427 3484 489 3522 rem
503 3465 534 3521 in
552 3463 587 3522 iis
608 3475 776 3534 tractatam,
798 3476 860 3521 tum
884 3477 1009 3542 propter
1026 3463 1174 3523 scribendi
1196 3486 1289 3543 genus

208 3572 359 3648 eliquanto
382 3570 555 3629 accuratius.
580 3568 706 3627 Ernestii
728 3580 842 3627 tantum
865 3568 995 3627 editione
1016 3583 1101 3628 utens
1125 3572 1288 3649 permultos

208 3679 305 3738 statim
322 3678 404 3736 locos
418 3675 610 3735 animadverti
623 3678 669 3734 vel
684 3688 854 3754 corruptos,
867 3676 912 3733 vel
928 3676 1003 3733 male
1018 3675 1150 3750 habitos,
1171 3678 1215 3737 vel
1232 3679 1288 3738 har

208 3783 295 3843 illave
315 3782 353 3842 de
375 3803 463 3842 causa
485 3782 626 3844 difficiles.
644 3786 779 3855 Quorum
795 3801 887 3857 quum
902 3802 1035 3860 magnam
1057 3797 1171 3861 purtem
1193 3785 1238 3841 vel
1257 3786 1286 3843 in

207 3890 351 3968 integrum
365 3891 533 3961 restituere,
552 3887 600 3946 vel
621 3886 727 3946 rectius
747 3887 908 3968 explicare,
933 3890 978 3947 vel
1003 3889 1119 3947 tandem
1137 3890 1287 3949 vindicare

208 3997 280 4057 mibi
295 4018 381 4079 posse
394 3996 520 4066 viderer,
535 3993 664 4067 institui,
677 4008 797 4065 cuncte,
813 4014 878 4071 quae
889 3995 1027 4063 aderunt,
1039 3995 1182 4067 subsidio,
1195 4018 1284 4055 excu-

211 4119 289 4178 tere,
307 4123 385 4163 nora
401 4100 589 4179 conquirere,
608 4099 741 4179 diligenti
759 4100 892 4178 inprimis
905 4101 1057 4160 Ciceronis
1071 4103 1197 4161 lectione
1206 4102 1286 4179 judi-
