2656 4792
226 395 265 438 ra
491 374 560 439 JO.
583 373 706 441 AUG.
735 370 1023 440 GOERENZII

219 493 354 556 lauerat:
374 509 430 574 ut,
449 516 546 580 quam
563 493 801 581 philosophiam
818 488 993 569 didicerat,
1011 511 1082 552 eam
1103 511 1174 551 non
1196 489 1291 553 modo

220 623 287 662 non
302 600 511 689 neglexisset,
528 600 584 663 sed
599 601 698 689 magis
716 601 812 665 etiam
828 614 959 686 postero
972 613 1121 684 tempore
1139 597 1290 660 excoluis-

218 722 283 788 set;
299 707 340 771 cf.
360 707 400 773 N.
419 709 457 770 D.
472 708 504 786 I,
528 730 565 792 7,
589 708 638 772 16.
659 707 814 771 Praeterea
837 703 924 767 idem
947 703 999 766 ille
1018 703 1118 766 literis
1141 703 1187 766 ita
1210 703 1288 766 bene

219 812 339 876 tinctus
347 830 425 894 erat,
435 829 494 875 ut«
505 813 642 877 maxime
654 836 691 877 ex
702 813 873 895 omnibus,
891 811 1034 899 quiante
1047 812 1195 890 fuerant,
1213 833 1286 898 grat·

218 917 264 983 cis
273 917 431 982 doctrinis
445 916 613 981 eruditus»
629 919 842 1006 reperiretur:
855 915 1024 979 «acumine
1039 914 1137 978 etiam
1149 914 1286 1002 quodam

218 1038 287 1086 arte
301 1020 411 1085 limato
420 1052 434 1077 ι
445 1020 596 1109 polleret,
609 1022 868 1110 eloquentiaeque
877 1018 973 1084 laude
986 1017 1134 1100 florerem
1147 1018 1193 1084 cf.
1202 1021 1284 1085 Brut

218 1126 274 1212 67,
292 1124 366 1189 236.
387 1127 431 1188 At
447 1125 549 1189 serius
565 1148 640 1190 cum
660 1148 719 1209 eo,
734 1127 855 1214 quippe
868 1123 973 1189 Clodii
989 1124 1151 1205 familiari,
1166 1124 1284 1189 'Pullius

217 1229 299 1294 adeo
314 1228 526 1319 discreparet,
539 1247 577 1294 ut
591 1246 701 1319 aperta
713 1232 799 1295 inter
815 1253 870 1294 eos
885 1229 1054 1293 inimicitia
1068 1245 1283 1310 exerceretur,

219 1335 284 1400 vid.
310 1340 375 1401 Att
400 1337 430 1419 1,
454 1358 504 1425 ep.
532 1337 581 1403 16.
602 1336 821 1422 Redeundum
838 1335 937 1424 igitur
954 1335 994 1399 ad
1012 1335 1122 1424 priora
1143 1352 1282 1425 tempora

220 1455 305 1523 erat,
322 1442 349 1505 si
367 1442 416 1505 uti
430 1442 499 1522 ejus
517 1465 655 1531 persona
668 1443 773 1507 vellet.
795 1439 895 1524 Quod
909 1463 1012 1528 quum
1026 1441 1125 1503 semel
1146 1457 1232 1505 esset
1243 1443 1280 1504 fa·

219 1545 392 1629 ciendum,
411 1548 444 1610 in
461 1547 569 1635 ipsum
587 1546 679 1611 illum
695 1569 819 1610 annum
839 1568 1024 1610 sermonem
1045 1568 1122 1608 cum
1140 1568 1182 1609 eo
1199 1547 1280 1611 insti·

220 1650 380 1716 tuendum
402 1653 526 1734 rejecit,
548 1676 647 1741 quem
670 1653 705 1716 hi
725 1653 824 1716 simul
838 1653 973 1716 Athenis
991 1668 1224 1741 transegerant
1239 1651 1279 1717 Ad

220 1756 310 1843 quod
336 1757 507 1822 consilium
533 1758 668 1822 fortasse
692 1758 757 1822 hoc
779 1758 875 1821 etiam
901 1772 1068 1821 auctorem
1090 1758 1278 1836 commovit,

220 1861 310 1948 quod
324 1863 508 1951 sicoptime
525 1863 560 1927 L.
579 1863 782 1943 Ciceronem,
800 1860 996 1951 patruelem,
1008 1862 1153 1926 intexere
1166 1879 1277 1950 posset,

219 1989 317 2054 quem
335 1984 523 2057 praematura
543 1984 649 2031 morte
665 1967 728 2033 685
750 1985 916 2055 ereptum,
938 1967 982 2030 ob
1003 1967 1201 2055 singularem
1218 1989 1278 2031 mo·

219 2073 353 2139 destiam
371 2075 603 2163 literarumque
621 2097 765 2139 amorem
785 2075 900 2138 eximie
917 2073 1088 2154 dilexerat,
1108 2073 1172 2138 vid.
1193 2072 1233 2137 ad
1246 2074 1279 2153 V,

222 2203 259 2263 1,
280 2179 384 2265 1,cll.
403 2182 480 2246 Ern.
500 2182 586 2245 Clav.
610 2182 685 2244 hist.
709 2181 740 2243 h.
767 2204 799 2243 n.
818 2177 1039 2268 Assignandus
1060 2180 1162 2267 igitur
1185 2180 1278 2267 quinti

218 2286 292 2350 libri
321 2287 464 2350 sermoni
488 2307 592 2349 annus
612 2286 694 2371 674,
717 2284 767 2348 vel
790 2300 876 2347 certe
899 2284 1038 2373 proximi
1062 2285 1194 2349 initium
1221 2301 1278 2364 est,

218 2412 286 2476 quo
303 2407 449 2478 tempore
462 2389 645 2453 studiorum
665 2412 760 2452 causa
773 2405 888 2451 auctor
903 2389 1038 2454 Athenis
1053 2390 1150 2471 vixit,
1165 2389 1278 2477 ibique,

218 2510 257 2557 ut
272 2497 340 2582 ipse
357 2511 508 2570 testatur,
532 2518 610 2559 «sex
627 2518 753 2560 menses
773 2518 848 2558 cum
867 2495 1051 2577 Antiocho,
1073 2497 1191 2559 veteris
1207 2499 1279 2560 Aon-

219 2600 334 2665 demiae
351 2601 552 2665 nobilissimo
578 2619 610 2667 et
628 2602 881 2692 prudentissimo
900 2602 1096 2690 philosopho
1120 2604 1198 2682 luit,
1220 2619 1280 2666 stu·

219 2706 376 2796 diumque
390 2710 619 2798 philosophiae,
636 2733 814 2798 numquam
831 2709 1071 2789 intermissum,
1087 2732 1106 2771 a
1121 2710 1280 2797 primaque

218 2813 433 2879 adolescentia
446 2815 588 2898 cultum,
604 2833 636 2880 et
649 2839 777 2904 semper
792 2832 939 2897 auctum,
955 2815 1018 2878 hoc
1031 2837 1144 2878 rursus
1161 2837 1280 2879 summo

220 2938 352 2985 auctore
368 2938 401 2985 et
418 2920 551 2985 doctore
567 2924 770 3002 renovavit»;
782 2921 847 2986 vid.
864 2924 952 2984 Brut.
969 2944 1028 3006 91,
1046 2919 1120 2985 315.

264 3029 305 3093 11.
323 3027 385 3092 Sed
398 3030 472 3092 satis
478 3029 544 3107 jam
555 3028 596 3092 de
608 3051 684 3092 vero
697 3027 891 3115 scriptorum
902 3026 1132 3113 editorumque
1144 3025 1186 3089 de
1197 3028 1280 3090 Fini·

220 3132 282 3197 bus
295 3134 473 3215 librorum,
490 3133 597 3221 deque
615 3133 689 3197 ficto
711 3155 899 3196 sermonum
923 3133 960 3195 iis
977 3133 1280 3220 comprehensorum

220 3254 386 3325 tempore:
403 3238 443 3302 ad
464 3240 606 3302 universi
620 3239 724 3326 operis
745 3236 1013 3312 delineationem,
1031 3260 1128 3324 quam
1144 3236 1280 3305 secundo

220 3342 293 3407 loco
302 3343 508 3430 quaerendam
518 3344 879 3432 posuimus,veniamus.
889 3344 926 3406 ln
938 3342 1281 3430 quomirabundoseos
1322 3340 1324 3383 ³

219 3447 327 3512 videre
348 3449 442 3512 nobis
468 3448 636 3528 videmur,
655 3450 728 3536 qui,
746 3471 817 3536 quae
834 3448 1004 3535 hucusque
1022 3449 1063 3511 ab
1081 3449 1149 3512 aliis
1167 3447 1281 3512 adhoc

219 3553 319 3617 libros
334 3570 444 3618 notata
459 3571 556 3634 sunt,
574 3555 723 3642 praesenti
738 3554 848 3617 animo
865 3553 1073 3617 contineant:
1088 3576 1194 3641 quum
1210 3575 1282 3618 uos·

219 3680 316 3746 quam
335 3658 376 3722 de
394 3658 500 3745 aliqua
520 3659 619 3721 totius
638 3658 735 3738 hujus
753 3669 925 3738 συντάγματος
942 3656 1159 3745 descriptione
1176 3682 1220 3724 ne
1232 3681 1282 3723 su·

218 3764 319 3852 spicio
347 3763 481 3850 quidem
509 3763 686 3844 injiciatur,
710 3786 816 3851 neque
845 3763 936 3826 facile
964 3763 1117 3826 interiore
1145 3764 1283 3852 quodam

219 3869 342 3933 ordinis
367 3869 422 3933 filo
440 3886 505 3933 tam
534 3868 650 3932 diversi
673 3871 798 3959 generis
824 3891 988 3934 sermones
1008 3870 1172 3934 cohaerere
1196 3892 1285 3959 posse

219 3975 398 4039 videantur.
420 3977 477 4039 Est
494 3975 624 4063 quidem
643 3975 681 4039 iis
698 3976 969 4064 philosophorum
989 3976 1133 4056 familiis,
1150 4000 1286 4064 quarum

218 4081 259 4146 de
276 4082 411 4145 Finibus
425 4083 591 4146 sententie
608 4099 806 4163 tractantur,
822 4083 938 4147 harum
954 4105 1063 4146 rerum
1079 4084 1287 4171 exponenda·
