2656 4792
116 403 135 444 a
390 372 460 438 JO.
486 369 603 438 AUG.
632 365 905 436 GOERENZII

113 497 263 583 scriptam
274 491 445 581 exemplari
463 489 554 553 Pauli
568 488 707 551 Manutii
723 487 875 551 editionis
886 509 894 551 :
905 486 1014 572 hunc,
1031 513 1127 556 num.
1142 491 1178 572 ll,

115 599 151 681 ὅ,
171 600 229 686 ipsi
248 595 467 674 contulimus,
490 591 677 681 ibidemque
701 591 883 657 accuratius
902 595 1100 663 notavimus.
1121 597 1180 679 Qui

112 703 245 792 quidem
264 703 340 766 licet
354 696 498 789 gemelli,
515 695 566 760 vel
583 696 692 784 potius
714 718 790 760 curn
808 695 954 761 Palatino
976 700 993 763 Ι
1022 701 1180 791 trigemini

110 812 182 888 jure
200 806 262 872 dici
279 820 466 870 mereantur
485 802 581 889 (suut
598 801 686 867 enim
703 823 818 871 omues
837 824 877 865 ex
894 826 961 866 uno
978 804 1070 869 haud
1088 805 1180 871 dubie

112 912 285 1000 exemplari
302 905 485 995 descripti);
499 922 628 988 tamen,
645 906 672 969 si
686 927 741 968 sex
758 905 866 994 priora
884 907 958 970 libri
974 910 1071 997 primi
1085 912 1180 999 capita

112 1017 294 1106 exceperis,
321 1013 353 1075 in
382 1012 501 1099 quibus
526 1011 560 1073 in
582 1011 641 1073 alia
665 1009 775 1073 omnia
800 1008 951 1076 diversius
976 1013 1122 1098 abeunt,
1137 1018 1180 1081 vel

111 1143 260 1211 expressa
277 1118 433 1199 lectione,
457 1117 508 1180 vel
525 1116 752 1180 conciliatione
769 1115 889 1180 horum
907 1114 1044 1183 inter'se
1063 1135 1180 1185 etcum

112 1225 321 1314 reliquis,vel
335 1221 478 1310 denique
493 1222 680 1301 conjectura
696 1220 884 1307 simpliciter
895 1245 934 1286 ex
948 1224 1026 1315 ipsis
1039 1240 1131 1302 nata,
1147 1226 1181 1293 td

110 1356 225 1398 verum
242 1332 287 1395 ita
312 1352 396 1417 saepe
414 1328 559 1408 ducunt,
580 1343 618 1390 ut
636 1350 751 1391 eorum
770 1330 943 1394 auctoritas
961 1331 1012 1394 his
1036 1332 1071 1395 in
1098 1332 1179 1398 libris

111 1462 202 1529 poeno
227 1438 294 1502 sola
315 1435 427 1499 valeat.
452 1432 517 1498 Sed
534 1449 611 1497 sunt
627 1433 661 1497 hi
679 1433 781 1497 nostri
801 1433 977 1499 Palatinol
1001 1436 1081 1502 inde
1105 1461 1179 1528 pra·

110 1549 301 1627 stantiores,
324 1540 415 1632 quod
439 1543 493 1606 ille
518 1543 552 1605 in
577 1541 621 1604 IV
639 1541 712 1605 libri
737 1542 840 1629 oepite
863 1543 885 1607 6
909 1543 1047 1619 desinit,
1067 1546 1179 1610 nostris

111 1654 179 1742 pari
206 1654 273 1714 fere
300 1648 479 1738 praestantia
506 1645 548 1710 ad
573 1647 679 1710 ultimi
705 1669 812 1733 usque
839 1646 936 1711 finem
960 1651 1178 1739 pergentibus.

111 1758 301 1823 Proximum
315 1751 448 1841 quidem
463 1753 504 1815 ab
519 1753 569 1815 his
588 1753 729 1841 pretium
745 1752 918 1817 Davisiano
931 1753 1054 1818 Eliensi
1073 1756 1109 1819 II
1121 1771 1179 1819 su·

111 1861 294 1927 tuendum:
314 1859 430 1946 saepius
447 1857 536 1920 eninr
552 1857 606 1920 hic
621 1880 697 1920 cum
715 1857 776 1920 illis
796 1858 888 1939 iacit,
913 1858 1081 1923 interdum
1099 1863 1180 1925 solus

110 1970 179 2056 ipse
205 1989 288 2031 verae
316 1964 462 2029 lectionis
487 1962 627 2027 fulcrum
654 1979 711 2026 est.
742 1962 807 2026 Sed
833 1963 921 2028 idern
947 1988 1084 2054 quoque
1110 1990 1178 2031 cunr

111 2075 206 2138 tertio
233 2072 316 2136 libro
341 2069 482 2133 finivisse
497 2066 640 2148 videtur,
666 2090 768 2154 quum
795 2089 813 2130 a
840 2084 957 2155 quarto
984 2070 1062 2134 inde
1089 2072 1179 2134 nnius

112 2180 211 2246 modo
230 2177 365 2241 Eliensis
391 2175 515 2238 mentio
537 2173 711 2252 injiciatur,
735 2189 786 2253 et,
813 2195 1010 2261 quamquam
1037 2176 1088 2240 vel
1107 2177 1178 2241 hnic

111 2286 259 2352 Davisius
285 2305 350 2369 prae
372 2280 487 2342 ceteris
512 2262 654 2340 urultuni
678 2277 811 2362 tribuit,
838 2295 947 2343 umen
976 2281 1029 2344 vix
1059 2305 1126 2346 una
1151 2298 1179 2346 et

111 2393 209 2456 altera
235 2411 274 2450 ex
299 2408 338 2450 eo
365 2383 541 2473 probabilis
566 2382 664 2448 lectio
685 2384 755 2447 erui
774 2385 893 2470 possiti
919 2402 957 2449 ut
973 2386 1067 2450 facile
1085 2387 1180 2468 liujus

111 2495 304 2562 Elienseml
323 2512 486 2580 agnoscas.
504 2491 561 2552 His
578 2507 720 2576 quatuor
738 2490 905 2555 codicibus
931 2494 1083 2584 princeps
1105 2495 1179 2560 scri·

113 2617 246 2690 ptoruni
262 2596 303 2661 ad
328 2597 389 2659 hos
412 2595 512 2658 libros
540 2595 732 2659 collatorum
755 2597 862 2660 classis
887 2598 1084 2665 absolvitur:
1111 2623 1179 2664 narn

113 2707 211 2772 ceteri
230 2719 262 2767 et
278 2703 356 2767 olim
372 2719 404 2765 et
416 2724 505 2765 nunc
517 2703 660 2789 primunt
672 2700 808 2766 adhibiti
822 2701 973 2769 deteriori
991 2705 1181 2796 plerumque

111 2811 243 2876 lectioni
269 2811 394 2888 favent,
412 2830 610 2894 quamquam
635 2807 669 2870 in
698 2806 831 2896 singulis
860 2809 894 2871 hi
925 2833 1060 2898 quoque
1088 2835 1180 2876 suunt

113 2940 209 2982 usum
223 2914 353 2979 habent.
368 2914 451 2977 Nam
470 2913 584 2998 reliqui
601 2913 723 2993 nostri,
742 2928 780 2975 ut
800 2912 886 2977 Gud.
905 2916 938 2995 l,
952 2916 1009 3002 qui
1027 2939 1118 2981 num.
1135 2941 1180 3004 17,

115 3029 174 3102 ad,
191 3019 374 3108 quaternis,
394 3017 575 3082 charactere
603 3018 738 3098 minori,
758 3019 903 3081 seculum
917 3019 982 3084 XV
1001 3044 1118 3108 praese
1137 3025 1181 3086 fe·

114 3144 223 3205 rente,
241 3126 273 3187 in
289 3124 399 3187 charta
411 3122 548 3208 scriptus
563 3137 630 3203 est,
644 3137 677 3185 et
689 3122 785 3186 simul
802 3124 902 3187 libros
919 3124 960 3188 de
978 3125 1182 3192 Divinatione

115 3231 356 3320 complectitur3
374 3228 462 3293 Gud.
485 3229 517 3291 ll
528 3275 537 3308 ,
557 3250 676 3317 quern,
692 3229 825 3317 proprio
839 3252 994 3313 numero,
1018 3230 1058 3295 ad
1079 3235 1181 3322 priora

114 3361 248 3430 quoque
264 3336 429 3400 volumina
442 3333 658 3416 contulimus3
682 3335 887 3417 Basileensis,
902 3337 958 3424 qui
978 3337 1055 3401 item
1075 3363 1115 3404 ex
1135 3339 1180 3421 illa

114 3444 251 3535 Wegelii
270 3440 443 3506 collatione
467 3439 561 3503 nobis
586 3440 747 3521 innotuit,
772 3457 805 3504 et
829 3441 914 3506 forte
940 3465 1006 3506 nna
1031 3466 1109 3508 curn
1134 3445 1181 3509 his

110 3553 200 3619 libris
216 3548 407 3615 Academica
427 3569 559 3634 quoque
577 3545 845 3635 comprehendit3
869 3548 1075 3614 Monacensis
1093 3549 1179 3614 deni·

111 3682 176 3749 que
198 3655 403 3720 Bibliothecae
420 3654 514 3742 regite
531 3652 644 3734 codex,
663 3677 757 3718 num.
775 3653 859 3735 328,
877 3678 975 3741 quem
991 3656 1178 3721 Franciscus

112 3759 470 3837 XaveriusWerferus,
497 3758 666 3846 singularis
686 3759 754 3846 spei
774 3759 921 3842 juvenis,
941 3761 1034 3840 cujus
1061 3758 1177 3849 ingenii

112 3872 159 3935 vis
174 3882 291 3954 suopte
301 3863 366 3943 jam
381 3863 514 3926 nomine
530 3884 569 3925 ex
583 3863 669 3926 Actis
681 3863 927 3953 Philologoruns
936 3865 1176 3930 Monacensium

113 3974 281 4052 inclaruit,
304 3995 323 4032 a
341 3969 425 4032 libro
442 3985 557 4055 quarto
576 3967 935 4050 inde,'accuratissi1ne
953 3972 1048 4035 nobis
1065 3988 1175 4036 contu·

111 4083 165 4146 lit:
184 4079 219 4141 hi
236 4077 336 4165 igitur
347 4096 461 4138 omnes
480 4075 525 4137 ita
538 4090 616 4137 sunt
629 4073 782 4139 deteriori
796 4075 888 4140 classi
904 4074 1126 4157 adscribendi,
1143 4090 1173 4137 ut
