2656 4792
465 360 843 430 INTRODUCTIO.
1143 367 1185 437 13

105 507 188 549 rum
204 481 355 572 quaedam
373 503 465 570 pene
480 504 625 570 congrua
639 481 737 546 series
752 497 850 569 atque
869 485 1086 550 consentiens.
1103 486 1187 551 Nam

107 591 222 679 primo
230 611 398 653 summum
411 587 536 650 bonum
548 611 650 675 quum
665 611 704 651 ex
713 605 827 651 natura
842 591 1002 672 universa,
1013 607 1084 656 tum
1098 616 1137 658 ex
1150 618 1187 658 ea

108 694 256 760 bominis
284 693 477 774 deducitur;
503 691 621 756 deinde
649 695 718 773 ejus
746 694 837 756 notio
863 695 959 758 latius
992 697 1187 784 explioetm3

111 824 212 889 porro
230 821 323 864 secus
340 796 381 861 de
398 821 437 861 eo
453 796 668 879 judicantium
686 799 853 862 sententiae
869 801 1110 884 examinantur3
1127 804 1186 868 de-

112 907 212 994 nique
227 904 316 969 idem
335 905 442 993 ipsum
458 903 500 966 ad
518 926 650 967 omnem
667 904 821 969 virtutem
837 904 1002 993 vitamque
1016 907 1119 994 ipsam
1135 931 1188 974 ac·

112 1009 351 1075 commodatur.
376 1011 452 1073 Haec
475 1008 661 1097 disputandi
687 1009 737 1072 via
759 1009 864 1073 tribus
888 1010 939 1074 his
962 1011 1096 1098 quidem
1118 1037 1187 1079 ser·

111 1116 268 1181 monibus
286 1116 353 1178 lere
368 1114 552 1178 communis
567 1129 637 1177 est:
654 1114 710 1178 sed
723 1115 783 1177 ista
794 1116 862 1202 ipsa
879 1116 962 1178 ratio
980 1139 1048 1180 non
1064 1134 1130 1182 tarn
1144 1119 1187 1184 ad

111 1237 280 1287 auctorem
292 1218 479 1299 referenda,
496 1242 594 1306 quarn
607 1219 649 1283 ad
663 1218 846 1308 disciplinas
861 1221 962 1308 ipsas,
976 1245 1052 1286 cum
1067 1225 1186 1311 quibus

109 1350 182 1392 eum
199 1343 317 1390 natura
335 1325 455 1413 pariter
468 1325 533 1406 rei,
552 1342 651 1412 atque
667 1348 745 1388 usus
763 1327 1037 1392 communicarat:
1054 1330 1113 1392 alia
1127 1330 1188 1419 igi·

110 1447 167 1497 tur
178 1431 331 1495 hocloco
346 1427 509 1493 afferenda
520 1445 585 1510 est,
603 1450 705 1515 eaque
719 1429 752 1490 in
767 1430 908 1492 auctoris
920 1431 1054 1495 arbitrio
1070 1435 1185 1521 posita.

109 1541 221 1625 Atque
244 1535 314 1599 haec
331 1533 482 1623 quidem,
499 1556 601 1621 quum
621 1535 654 1597 in
674 1536 907 1598 sententiarum
924 1536 1067 1624 ipsarum
1086 1562 1187 1628 expo·

109 1642 232 1707 sitione
248 1640 330 1705 ordo
348 1639 576 1728 disputationis
594 1638 694 1704 semel
711 1656 860 1727 receptus
879 1642 1065 1728 sequendus
1086 1661 1186 1726 esset,

108 1750 144 1813 in
161 1749 281 1813 barum
295 1746 500 1836 potissimum
512 1745 711 1825 judicatione
729 1740 900 1834 quaerenda
917 1749 998 1830 erit;
1015 1750 1136 1838 quippe
1151 1752 1185 1814 in

108 1878 179 1945 qna
202 1855 336 1921 liberius
357 1853 476 1918 versari
493 1855 603 1917 liceret
623 1876 631 1919 ε
655 1852 754 1941 idque
771 1854 878 1942 ipsum
899 1872 968 1931 est,
986 1855 1076 1944 quod
1093 1858 1187 1922 volu·

110 1985 197 2027 mus.
217 1964 257 2026 ln
275 1960 335 2025 hac
353 1976 462 2023 autem
484 1960 610 2023 Tullius
631 1959 675 2022 ita
693 1976 855 2041 versatur,
879 1977 936 2042 ut,
956 1985 1027 2049 quae
1050 1964 1084 2026 in
1102 1988 1186 2028 una·

110 2092 247 2157 quaque
266 2067 426 2131 sententia
448 2064 752 2153 reprehendendum
776 2081 889 2153 putat,
912 2091 948 2130 ea
967 2071 1058 2155 prius
1077 2072 1186 2157 paucis

110 2171 390 2263 comprehendat,
416 2188 514 2260 atque
540 2189 611 2236 tum
642 2172 826 2259 singulatim
858 2195 996 2260 quaeque
1021 2193 1185 2264 resumpta

111 2304 182 2346 non
197 2303 237 2344 ex
251 2277 481 2344 communibus
496 2276 690 2366 quibusdam
703 2277 818 2357 judicii
831 2279 963 2366 regendi
977 2280 1118 2368 legibus,
1130 2282 1187 2346 sed

110 2387 247 2452 alterius
264 2385 438 2473 disciplinae
450 2384 609 2448 sententia
622 2383 712 2447 alteri
727 2384 895 2471 opposita,
910 2401 1083 2473 utramque
1098 2410 1188 2452 corn·

111 2491 262 2582 parando
277 2491 395 2580 magis,
412 2512 484 2577 quae
503 2489 544 2554 sit
561 2488 776 2577 probabilior,
794 2506 930 2576 quaerat,
946 2514 1042 2578 quam
1059 2515 1132 2579 quas
1148 2516 1187 2558 ex

112 2598 164 2662 bis
194 2619 271 2660 vera
293 2598 353 2677 sit,
381 2594 544 2675 dijudicet.
577 2597 624 2658 Ita
650 2593 776 2658 disertis
805 2594 911 2657 verbis
939 2595 993 2659 ille
1021 2597 1187 2684 Epicurea·

112 2704 257 2769 Stoicam
285 2725 324 2765 ex
352 2700 486 2765 adverso
505 2701 599 2789 ponit
624 2700 693 2785 (ll,
715 2704 773 2778 14,
799 2700 873 2786 44),
891 2723 925 2764 re
944 2703 1060 2790 magis,
1088 2727 1186 2791 quarn

112 2809 243 2891 verbis,
271 2807 385 2871 Stoicae
417 2805 906 2892 Academico-Peripateticum,
937 2829 977 2869 ex
1004 2807 1187 2874 Polemonis

113 2914 242 2998 ratione
270 2912 490 3000 propositam,
512 2910 644 2991 objicit:
666 2911 884 2998 (quamquam
911 2912 986 2974 satis
1013 2912 1097 2976 clare
1120 2915 1189 2979 hsec

115 3040 251 3108 quoque
259 3017 356 3081 verba
365 3017 561 3104 loquuntur,
573 3017 739 3079 «universa
751 3016 879 3079 illorum
893 3015 1187 3106 (Academicorum)

114 3125 244 3188 ratione
260 3145 336 3186 cum
356 3138 424 3186 tota
439 3138 544 3185 vestra
560 3119 801 3208 confligendum
818 3137 920 3209 puto»
932 3121 993 3207 (cf.
1008 3122 1063 3202 1v‚
1083 3145 1119 3206 a,
1134 3124 1186 3214 3).

115 3228 337 3316 Peripateticae
352 3225 512 3314 denique,
529 3225 571 3289 ad
590 3226 742 3290 Antiochi
759 3242 902 3289 mentem
920 3227 1082 3314 explicatas
1099 3239 1189 3316 (que
1288 3300 1291 3311 Δ

115 3339 150 3401 in
166 3336 279 3425 paucis
295 3334 394 3399 modo
411 3333 619 3420 differebat),
637 3357 696 3422 per
711 3357 746 3397 ea
762 3334 876 3397 stoicae
892 3335 1051 3418 occurrit,
1067 3359 1139 3424 quae
1155 3340 1187 3402 in

116 3442 178 3507 hac
194 3439 412 3529 probabiliora
425 3438 600 3521 judicabat.
619 3439 683 3502 lsta
697 3436 828 3526 quidem
847 3439 970 3502 ratione
985 3457 1099 3504 auctor
1110 3464 1190 3506 nus·

115 3570 240 3635 quam
267 3566 365 3632 quarn
394 3545 628 3608 sententiarum
660 3543 755 3606 unice
778 3566 885 3606 veram
912 3558 1048 3626 statuat,
1073 3564 1190 3635 urget3

117 3650 176 3716 sed
187 3667 295 3715 utram
309 3672 349 3714 ex
359 3647 486 3735 duabus
500 3649 585 3711 inter
601 3671 636 3710 se
647 3645 770 3711 collatis
786 3647 1038 3735 probabiliorem
1050 3647 1190 3735 judicet,

116 3756 255 3845 singulis
268 3755 319 3819 his
333 3754 538 3820 sermonibus
552 3754 598 3817 sic
612 3752 771 3834 ostendit,
786 3769 825 3816 ut
838 3769 905 3816 tota
917 3753 1017 3840 ipsius
1032 3760 1191 3823 sententia

117 3886 157 3926 ex
175 3877 247 3925 toto
265 3884 364 3948 opere
381 3859 580 3942 conjicienda
597 3860 696 3947 magis
711 3874 809 3946 atque
826 3858 1005 3947 colligenda
1023 3861 1079 3942 sit,
1092 3886 1190 3950 quam

117 3984 156 4033 ut
173 3968 278 4056 ipsam
291 3967 383 4032 claris
400 3965 625 4053 distinctisque
639 3965 746 4028 verbis
760 3965 917 4053 expediat.
933 3966 1041 4052 Atque
1057 3967 1099 4030 ita
1116 3992 1193 4034 sane

117 4075 310 4139 Ciceronem
336 4095 375 4136 ex
395 4095 459 4135 sure
481 4070 694 4163 philosophie
714 4069 839 4133 ratione
857 4085 945 4134 recte
967 4085 1000 4134 et
1024 4071 1094 4137 sine
1107 4073 1194 4153 justa.
