2676 4784
211 363 252 443 ¹4
480 358 548 424 JO.
575 356 697 425 AUG.
723 355 1011 425 GOERENZII

205 478 458 568 reprehensione
474 478 605 555 fecisse,
626 494 659 540 et
675 480 780 540 facere
800 477 964 565 potuisse,
983 497 1082 540 nemo
1107 499 1176 540 non
1198 499 1281 541 oon·

207 586 318 668 cedet,
343 585 400 673 qui
417 582 595 648 Aoedemiae
613 583 802 647 recentioris
826 584 890 647 hoc
912 584 1083 670 proprium
1106 583 1208 647 fuisse
1229 583 1282 646 in·

208 691 379 771 tellexerit,
399 690 482 753 ultra
499 686 665 775 probabile
680 688 713 751 in
732 688 830 753 rebus
847 687 1052 776 cogitationis
1072 710 1164 774 oque
1181 702 1282 775 atque

208 819 363 861 sensuum
382 795 462 858 nihil
481 793 566 874 dari,
585 816 688 881 quum
707 795 860 883 cognosci
881 816 995 857 verum
1017 794 1206 881 percipique
1224 816 1281 857 ue-

208 919 315 991 queat.
335 902 384 966 Ne
409 916 536 986 poterat
554 899 607 963 ille
626 900 759 988 quidem
785 899 996 980 sententiam,
1020 921 1116 987 quam
1143 898 1283 962 maxime

208 1009 269 1072 sibi
281 1006 480 1096 probabilem
491 1022 652 1095 putasset,
665 1007 708 1069 ita
720 1007 828 1093 sequi,
843 1022 880 1069 ut
891 1004 932 1068 ad
945 1006 1013 1085 ejus
1028 1005 1120 1093 qnasi
1131 1026 1282 1068 normam

209 1114 346 1201 reliquas
357 1110 544 1175 constanter
557 1112 714 1200 exigeret:
729 1127 798 1175 tum
811 1113 898 1175 enim
910 1111 994 1174 hanc
1005 1112 1107 1199 ipsam
1121 1127 1160 1174 ut
1172 1132 1283 1174 veram

207 1217 385 1308 posuisset,
399 1216 489 1304 quod
500 1234 612 1280 contra
624 1218 725 1305 ipsius
737 1218 895 1281 rationem
910 1234 987 1281 erat.
1001 1217 1181 1281 Academici
1193 1217 1282 1280 euim

209 1321 243 1386 bi
261 1323 343 1386 nihil
360 1321 584 1410 affirmabant,
604 1321 678 1403 sed,
698 1326 792 1410 quasi
809 1322 975 1410 (lesperato
995 1325 1171 1409 cognitione
1188 1325 1282 1404 cetu',

209 1429 246 1493 id
255 1433 347 1518 sequi
359 1430 481 1516 ubique
498 1428 665 1509 volebant,
683 1429 901 1516 quodcumque
915 1445 1061 1516 tempore
1071 1451 1284 1516 quocumque

209 1535 287 1622 ipsis
301 1534 468 1599 verisimile
485 1535 658 1613 uiliorem&
673 1534 713 1597 cf.
730 1535 782 1613 ll,
803 1537 858 1615 14,
877 1533 928 1610 43.
945 1532 1048 1620 quue
1063 1534 1170 1623 ipsum
1185 1534 1283 1598 etiem

210 1656 323 1704 contra
336 1654 530 1729 perpetuum
545 1640 630 1720 ejus,
646 1640 674 1703 si
686 1637 914 1703 Academicum
927 1640 1006 1727 agit,
1020 1662 1146 1703 morem
1159 1639 1283 1703 fuisset·

212 1747 280 1811 Alia
303 1747 389 1811 enim
413 1769 464 1810 res
487 1747 608 1835 agitur,
625 1747 651 1809 si
672 1747 812 1810 Stoicam
837 1769 1007 1834 personam
1035 1746 1162 1828 induit,
1184 1763 1224 1811 ut
1248 1748 1282 1811 in

212 1853 302 1917 libris
319 1852 359 1916 de
371 1852 525 1940 Legibus,
540 1851 580 1916 de
594 1851 734 1934 Officiis,
750 1853 900 1940 aliisque;
912 1851 1001 1940 quod
1012 1853 1079 1917 huc
1092 1854 1187 1940 plane
1202 1854 1284 1918 nibil

211 1959 361 2047 pertinet.
378 1960 451 2022 Huc
467 1959 577 2045 potius
596 1958 764 2022 referenda
783 1959 864 2022 ratio
881 1975 947 2040 est,
962 1981 1026 2045 qua
1048 1981 1123 2022 eum
1142 1960 1175 2021 in
1193 1958 1284 2022 libris

212 2063 254 2128 de
269 2064 390 2130 Natura
408 2067 553 2127 Deorum
570 2063 632 2127 sub
646 2065 747 2128 Cottas
763 2086 900 2152 persona
919 2063 1157 2128 delitescentem
1172 2063 1286 2154 dispu-

212 2185 280 2234 tare
294 2168 452 2233 videmus.

259 2276 341 2357 Quae
367 2297 474 2362 quum
494 2274 536 2337 ita
559 2273 642 2353 sint,
667 2295 735 2336 non
762 2273 832 2336 sine
853 2297 969 2363 magna
992 2275 1108 2354 injuria
1132 2297 1286 2339 accusem

212 2396 378 2444 auctorem
395 2377 569 2457 videntur,
588 2378 646 2464 qui
661 2378 770 2467 inepte
789 2402 863 2442 eum
888 2378 1086 2468 ridiculeque
1105 2381 1207 2469 egisse
1226 2403 1287 2444 au·

212 2502 357 2565 tument,
376 2485 507 2572 Epicuri
521 2484 561 2548 de
580 2485 698 2549 finibus
714 2487 872 2551 rationem
885 2509 923 2549 ex
939 2488 989 2550 illa
1005 2488 1187 2551 Stoicorum
1201 2509 1284 2551 con·

212 2594 387 2670 futantem3
406 2613 526 2654 meram
542 2613 628 2671 esse,
645 2614 742 2678 quam
753 2608 889 2672 vocant,
906 2593 1094 2681 petitionem
1114 2593 1283 2680 principii,

213 2720 321 2786 neque
341 2694 519 2784 quidquam
538 2697 614 2761 inde
631 2697 726 2761 effici.
749 2698 812 2762 Sed
830 2697 978 2778 judicant
994 2699 1046 2763 isti
1065 2720 1141 2762 sane
1159 2722 1198 2762 ex
1216 2720 1285 2764 suas

214 2802 379 2866 sententiae
403 2800 539 2865 modulo
566 2802 598 2865 iu
619 2826 673 2883 re,
693 2825 766 2890 quae
791 2826 830 2866 ex
853 2805 983 2867 alterius
1008 2804 1167 2868 sententia
1196 2803 1285 2867 oesti·

213 2908 330 2972 manda
347 2924 444 2996 atque
465 2908 626 2972 metienda
648 2925 716 2973 erat
733 2933 741 2973 :
761 2911 870 2991 etsie,
890 2909 979 2998 quod
996 2911 1027 2973 in
1048 2910 1156 2974 Tullio
1174 2933 1285 2999 repre·

213 3014 380 3097 hemlunt,
396 3015 455 3102 ipsi
470 3015 697 3096 committunt3
712 3032 829 3103 petunt
842 3017 928 3080 enim
941 3016 1146 3105 principium.
1160 3017 1286 3081 Auctor

214 3121 334 3208 quippe
349 3120 410 3184 hac
424 3121 664 3209 comparatione
678 3144 744 3185 non
759 3121 793 3185 id
806 3122 936 3213 agebat,
950 3140 988 3187 ut
1002 3145 1042 3186 ex
1055 3123 1284 3210 oppositorum

213 3227 453 3314 comparatione
469 3226 562 3311 (nihil
577 3242 685 3290 autem
703 3228 832 3316 Epicuri
846 3230 1021 3318 voluptati,
1035 3239 1167 3308 εὐπαθείᾳ,
1181 3228 1284 3317 magis

214 3330 410 3418 opponitur,
427 3354 524 3418 quam
548 3332 742 3414 honestum,
761 3343 887 3414 ἀπάθεια,
904 3333 1125 3421 Stoicorum),
1150 3333 1285 3422 Epicuri

214 3436 408 3499 sententiam
431 3436 560 3519 falsam,
579 3460 648 3501 eam
668 3454 782 3501 contra
803 3440 986 3503 Stoicorum
1007 3462 1114 3504 veram
1135 3461 1203 3503 esse
1221 3436 1284 3502 do·

213 3556 318 3620 ceret3
335 3556 405 3603 tum
423 3541 509 3603 enim
528 3542 588 3604 ista
611 3541 692 3604 ratio
717 3542 896 3632 incongrua
911 3543 1045 3608 luisset:
1063 3543 1121 3607 sed
1138 3560 1192 3623 ut,
1208 3558 1285 3606 utm

212 3646 329 3710 harum
348 3646 580 3709 sententiarum
600 3647 798 3735 probabilior
820 3666 923 3731 esset,
940 3648 1185 3736 quodammodo
1207 3664 1286 3712 aute

212 3752 325 3815 oculos
335 3768 528 3839 poneretur,
543 3769 576 3816 et
587 3754 679 3839 quasi
693 3776 750 3816 sua
761 3772 877 3841 sponte
888 3772 1063 3844 appareret.
1078 3753 1115 3818 ld
1129 3777 1169 3819 eo
1182 3754 1285 3844 magis

212 3856 346 3937 licebat,
363 3880 467 3944 quum
484 3880 523 3921 ex
541 3859 609 3945 ipsa
626 3859 833 3946 oppositione
848 3860 894 3922 rei
912 3861 978 3923 sive
993 3861 1126 3941 veritas,
1144 3861 1209 3924 sive
1226 3883 1284 3924 va·

213 3961 295 4025 nitas
313 3986 372 4051 per
391 3986 425 4027 se
447 3964 515 4052 ipsu
533 3965 649 4029 clarius
673 3963 856 4030 illucescat:
874 3965 993 4053 quibus
1018 3969 1105 4030 enim
1129 3965 1283 4055 gradibus

211 4066 340 4133 alterius
359 4069 436 4134 inde
454 4070 660 4159 probabilitas
676 4087 815 4161 augetur
836 4089 867 4136 et
886 4074 1016 4154 crescit,
1037 4073 1150 4138 iisdem
1167 4073 1219 4137 illa
1235 4073 1283 4137 al·
