2676 4784
390 386 395 397 ,
417 350 803 421 INTRODUCTIO.
1093 353 1134 427 ¹5

66 471 162 537 terius
175 492 217 535 ex
231 471 297 535 hoc
309 470 381 558 ipso
393 468 549 535 conflictu
562 470 726 537 decrescat
736 487 769 537 et
779 472 992 540 imminuatur
1003 498 1136 545 neeesse

61 592 122 643 est.
144 574 185 641 Id
207 576 318 664 ipsum
333 573 462 641 volebat
479 576 698 664 Chrysippus,
715 599 819 663 quum
834 579 981 645 «rimatis
998 580 1052 669 (id
1069 600 1136 667 est,

58 680 204 768 maeri)
219 703 297 747 oum
307 681 474 772 voluptate
484 682 716 747 certationem»
726 681 928 763 institueret,
946 701 1137 777 «totumque

57 785 237 853 discrimen
266 787 385 853 summi
414 786 493 853 boui
519 786 552 851 in
581 785 695 851 eadem
722 789 965 874 comparatione
993 792 1137 878 positum

57 907 192 981 putaret
205 915 237 974 υς
254 893 297 957 cl.
320 892 372 974 II,
393 894 451 973 14,
469 894 522 969 44.
543 893 642 957 Hunc
665 909 775 957 autem
799 893 908 959 Tullio
932 895 968 959 in
990 896 1051 961 hae
1069 899 1139 987 ipsa

57 998 305 1086 comparatione
327 998 475 1085 exemplo
494 997 674 1086 praeivisse,
695 1013 734 1062 ut
757 997 812 1062 hic
829 999 897 1086 ipse
915 1000 1006 1065 locus
1022 1001 1137 1085 docet,

58 1104 105 1173 ita
128 1104 225 1170 tertia
249 1104 428 1191 questione
449 1104 631 1168 accuratius
648 1088 840 1167 videbimus.
859 1106 947 1169 Jncct
971 1106 1072 1194 igitur
1096 1109 1137 1175 il·

59 1208 192 1290 lorum,
214 1208 274 1295 qui
294 1208 359 1272 hoc
382 1207 519 1275 nomine
533 1223 701 1272 auctorem
723 1222 877 1294 carpunt,
896 1211 1043 1296 quamvis
1061 1235 1138 1301 per·

61 1331 172 1404 uagata
195 1314 379 1394 accusatio,
401 1313 526 1401 istaque
549 1312 618 1399 ipsa
640 1312 857 1401 comparatio,
880 1329 917 1379 ut
936 1315 1034 1394 hujus
1057 1329 1154 1398 ἀποχῇ,

61 1435 297 1503 massennes,
320 1435 354 1485 et
376 1441 416 1484 ex
439 1441 476 1483 ea
498 1418 568 1506 ipsa
588 1417 791 1500 estimanda,
810 1418 885 1498 jure
906 1419 1049 1507 quodam
1074 1446 1137 1491 suo

63 1523 259 1595 defenditur.

102 1631 164 1697 Ill.
175 1628 288 1698 Sedad
297 1629 423 1694 tertiam
431 1629 596 1717 pergimus
607 1628 833 1716 questionem,
843 1645 915 1710 ηιμ
927 1653 1010 1718 qnos
1021 1654 1132 1700 rerum

63 1752 272 1805 naumurum
288 1750 435 1803 auctores
445 1734 557 1801 Cicero
567 1734 702 1823 singulis
716 1734 767 1798 his
777 1733 867 1799 libris
883 1752 1043 1822 sequutus
1051 1737 1114 1808 sit»
1122 1787 1135 1820 ,

62 1843 241 1911 videamus.
261 1842 345 1907 Natn
362 1839 443 1904 illud
465 1841 548 1904 bene
575 1838 616 1905 de
638 1840 792 1904 omnibus
814 1841 884 1920 ejus
904 1841 1135 1931 philosophicis

63 1948 243 2017 tenendum
256 1964 315 2027 est,
327 1948 436 2037 ipsum
449 1945 573 2034 ubique
584 1961 688 2011 certos
703 1943 861 2032 quosdam
875 1969 893 2009 e
905 1947 1024 2013 Graecis
1037 1948 1136 2016 duces

60 2056 174 2143 sequi,
192 2053 234 2120 ad
252 2077 335 2142 quos
351 2076 385 2117 se
403 2075 500 2138 quam
520 2052 667 2140 proxime
684 2051 929 2117 accommodet:
947 2054 991 2117 ita
1008 2071 1135 2139 tamen,

60 2177 116 2242 ut,
134 2160 197 2225 nisi
220 2161 247 2226 si
267 2181 351 2248 opus
372 2157 488 2233 luerit,
503 2157 593 2223 haud
611 2158 704 2225 anxie
728 2157 858 2221 illorum
874 2157 970 2223 verba
990 2177 1134 2246 premat,

59 2265 120 2335 sed
135 2290 194 2336 sua
211 2266 280 2331 fere
296 2265 329 2332 in
348 2263 454 2333 uerbis
475 2262 552 2350 ipsis
568 2261 716 2329 libertate
733 2278 767 2328 et
785 2263 942 2351 elegantia
957 2280 1078 2330 utatur.
1096 2265 1136 2332 ld
1232 2322 1235 2327 ,

59 2373 149 2441 enirn
167 2375 264 2437 unice
279 2371 329 2438 his
345 2369 473 2457 scriptis
488 2369 677 2458 expetebat,
690 2385 728 2432 ut
743 2391 844 2458 graeca
858 2368 1061 2460 philosophia
1074 2395 1134 2439 suo

58 2477 219 2543 beneficio
244 2478 406 2566 eleganter
427 2475 524 2540 latine
547 2476 755 2562 loqueretur;
775 2476 839 2538 hoc
858 2475 945 2540 idem
965 2478 1034 2565 ipse
1053 2479 1133 2562 sibi,

59 2602 131 2651 turn
148 2585 182 2649 in
197 2584 247 2650 his
264 2583 369 2663 libris,
386 2598 456 2646 tum
470 2579 546 2645 alias
560 2603 661 2669 saepe,
673 2581 779 2645 solum
793 2581 927 2647 tribuit:
943 2605 1048 2671 neque
1064 2585 1132 2673 ipsa
1156 2616 1159 2621 ·

57 2694 94 2754 in
117 2688 324 2778 philosophia
346 2688 419 2774 plus
437 2708 594 2773 umquam
606 2684 732 2749 vidisse
748 2685 833 2764 vult,
854 2709 915 2751 nec
930 2687 971 2751 ad
987 2712 1057 2753 eam
1074 2692 1132 2757 ali.

58 2794 140 2884 qnid
169 2794 314 2858 attulisse
340 2814 417 2856 vero
442 2790 515 2870 jure
539 2791 704 2879 putandus
727 2807 796 2871 est;
820 2792 894 2855 licet
918 2793 1130 2883 philosophice

57 2899 203 2966 historie
221 2899 393 2985 scriptores
416 2897 508 2984 plura
523 2912 799 2975 commemorent,
820 2896 938 2984 quibus
956 2898 1047 2963 hunc
1060 2924 1130 2969 eam

57 3007 185 3073 numme
209 3004 321 3069 velint.
347 3001 460 3085 Quid?
484 3024 587 3089 quum
606 3023 647 3064 ne
668 3001 764 3064 tertio
782 3000 914 3089 quidem
939 3003 1130 3073 Officiorum

57 3112 144 3177 libro
167 3134 247 3177 suns
270 3109 333 3175 sit:
355 3124 394 3172 ut
415 3105 457 3170 ad
478 3105 568 3171 hune
590 3106 698 3193 ipsum
725 3107 809 3171 clare
830 3106 1032 3173 docebimus.
1055 3111 1131 3176 Haec

57 3218 157 3307 igitur
169 3230 318 3281 accurate
334 3210 474 3278 tenenda
490 3227 586 3292 sunt,
599 3212 644 3292 si,
663 3210 783 3301 quibus
799 3235 839 3276 ex
853 3213 1000 3279 lontibus
1018 3214 1131 3283 Cicero

58 3347 117 3391 sua
141 3346 281 3411 quaeque
296 3321 459 3402 hauserit,
478 3320 540 3385 rite
557 3318 709 3409 indagare
728 3319 823 3400 velis,
839 3342 942 3408 quum
957 3321 1026 3409 ipse
1041 3346 1132 3407 raro,

57 3454 142 3519 quos
163 3445 312 3495 auctores
335 3442 506 3514 sequatur,
528 3441 678 3508 moneat,
697 3447 947 3514 nonnumquam
968 3427 1064 3493 etiam
1080 3432 1132 3496 vel

58 3535 229 3616 consulto,
252 3558 324 3622 quae
347 3532 477 3620 uestigia
507 3530 636 3620 legerit,
666 3532 829 3596 occultare
852 3531 1014 3614 rideatur3
1041 3538 1130 3601 conf.

59 3640 240 3708 Introduct.
251 3640 292 3704 ad
307 3639 397 3705 librr.
410 3637 451 3702 de
468 3638 566 3726 Legg.
578 3636 641 3701 sed
652 3637 716 3717 jam
734 3638 867 3726 propius
884 3635 924 3699 ad
941 3661 1010 3702 rem
1027 3639 1129 3728 ipsam

59 3747 263 3812 accedamus.

103 3855 141 3919 ln
157 3853 316 3918 librorum
338 3852 437 3940 igitur
454 3849 495 3914 de
517 3849 652 3914 Finibus
670 3849 777 3937 primo
796 3871 869 3935 quae
887 3849 1019 3936 Epicuri
1036 3871 1133 3936 sunt,

66 3959 232 4027 maximam
243 3957 377 4047 quidem
390 3973 513 4044 partem
528 3979 567 4020 ex
580 3955 678 4034 hujus
689 3964 773 4034 septae
787 3960 866 4027 δοξῶν
879 3955 988 4021 libello
1001 3958 1133 4025 collecta

68 4079 156 4141 sunt;
172 4062 296 4150 reliqua
317 4062 423 4141 enim,
452 4083 525 4146 quaa
547 4082 586 4123 ex
607 4059 729 4123 caeteris
747 4058 891 4138 ejusdem
910 4060 1036 4147 seriptis
1052 4064 1132 4130 alle·
