2656 4792
126 412 138 428 s
144 411 170 428 n
175 404 1184 434 mmmmmmntmmmmwwnmmmmm

277 556 377 660 JO.
404 535 594 658 'AUG
634 553 1040 663 GOERENZII

421 748 891 831 turnonucrro

488 909 529 954 AD
545 908 707 954 CICERONIS
722 910 830 954 LIBROS

217 1056 279 1121 DE
304 1053 483 1122 FINIBUS
507 1055 737 1125 BONORUM
760 1055 816 1121 ET
841 1054 1092 1123 MALORUM.

520 1196 806 1224 ---εοο---

123 1326 229 1458 Qun
241 1356 364 1420 aditum
377 1354 418 1418 ad
431 1356 492 1419 hos
509 1355 608 1417 libros
623 1352 854 1441 expeditiorem
868 1354 1032 1441 aperiant,
1047 1378 1084 1419 ea
1095 1359 1187 1444 potis·

120 1465 238 1529 simum
254 1462 315 1526 bac
336 1462 451 1550 triplici
477 1461 654 1548 quaestione
671 1458 946 1547 comprehendere
969 1460 1101 1526 licebit:
1124 1486 1185 1551 quo

119 1586 267 1658 tempore
289 1585 322 1632 et
339 1568 399 1656 ipsi
419 1567 529 1655 scripti
554 1565 697 1653 editique
716 1565 802 1645 sint,
826 1582 858 1628 et
885 1587 1051 1629 sermones
1077 1589 1185 1631 eorum

119 1674 221 1738 habiti
244 1672 429 1761 fingantur:
453 1695 525 1758 quae
543 1670 584 1734 sit
606 1670 747 1734 universi
765 1670 872 1756 operis
895 1668 1088 1736 delineatio:
1108 1696 1184 1760 quos

120 1778 262 1866 denique
278 1801 387 1842 rerum
406 1793 612 1841 tractatarum
627 1792 774 1839 auctores
795 1776 908 1838 Cicero
920 1777 960 1838 sit
975 1776 1007 1839 in
1025 1777 1103 1864 ipsis
1122 1779 1183 1841 sin·

119 1885 202 1974 gulis
223 1884 313 1947 libris
336 1897 506 1969 sequutus.
528 1880 577 1945 Ad
604 1881 673 1944 haec
688 1880 732 1961 si,
751 1897 910 1968 quantum
932 1879 1000 1944 lieri
1028 1897 1062 1945 et
1082 1900 1185 1970 potest

119 2007 151 2055 et
173 1989 343 2070 convenit,
367 1986 646 2076 responderimus,
667 1987 749 2050 sacili
772 1987 821 2048 via
840 2010 908 2050 non
932 1986 1038 2050 solum
1063 2011 1183 2052 errores

118 2095 207 2162 haud
238 2096 331 2184 pauci
359 2094 632 2174 declinabuntur,
653 2116 736 2180 quos
760 2115 863 2178 quum
888 2092 949 2180 ipsi
975 2094 1182 2181 interpretes,

116 2220 186 2268 tum
204 2202 226 2265 ii
242 2201 457 2275 admiserunt,
472 2201 528 2288 qui
544 2200 655 2263 usibus
673 2199 741 2261 aliis
758 2199 824 2261 suis
842 2198 901 2261 hos
917 2198 1015 2261 libros
1031 2199 1183 2264 adhibue-

116 2325 213 2389 runt;
237 2306 293 2370 sed
318 2308 455 2394 plurima
480 2328 612 2392 quoque
637 2306 707 2368 loca
730 2329 787 2368 sua
809 2322 926 2393 sponte
949 2306 1129 2393 patebunt,
1153 2309 1181 2370 in

116 2414 234 2501 quibus
253 2413 327 2475 alias
349 2413 422 2492 jure
443 2411 571 2474 haeseris
589 2434 596 2475 :
614 2428 712 2499 atque
733 2411 868 2474 omnino
890 2433 926 2475 ea
944 2410 1097 2494 habebis,
1116 2437 1183 2502 quae

104 2519 166 2580 ,his
180 2516 270 2580 libris
281 2517 354 2596 jure
369 2515 592 2604 premittenda
609 2531 710 2579 erant.

159 2626 183 2688 Ι.
193 2622 424 2687 Describendis
435 2625 532 2711 igitur
541 2624 592 2686 his
599 2623 689 2686 libris
697 2623 823 2712 integro
834 2622 1004 2709 septennio
1017 2639 1180 2689 auctorem

114 2745 188 2793 ante
203 2728 375 2816 cogitasse,
394 2750 491 2816 quam
509 2749 564 2792 eos
580 2727 683 2791 editos
700 2748 769 2790 esse
782 2727 902 2789 scimus
913 2775 920 2803 ‚
932 2742 1021 2813 patet
1034 2750 1074 2792 ex
1086 2731 1180 2818 Legg.

114 2835 144 2916 l,
156 2857 183 2899 c.
193 2856 246 2914 20,
256 2832 307 2914 52,
319 2833 374 2897 ubi
384 2863 396 2887 κ
406 2831 504 2895 finem
515 2833 678 2896 bonorum
689 2847 927 2894 controversam
937 2831 1120 2914 remdicit,
1128 2865 1141 2889 ι
1153 2852 1181 2898 et

112 2939 239 3027 plenam
257 2938 462 3002 dissensionis
480 2939 565 3001 inter
581 2936 802 3016 doctissimos,
815 2933 871 2999 sed
885 2935 1059 3022 aliquando
1075 2955 1179 3003 tamen

110 3044 315 3124 judicandam
331 3077 354 3109 ι.
373 3044 496 3107 Promit
511 3043 597 3107 idem
615 3065 746 3131 quoque
759 3044 791 3104 in
808 3042 877 3124 his,
894 3065 965 3128 quae
981 3042 1024 3105 ibi
1041 3067 1183 3132 sequun-

113 3167 184 3231 tur,
205 3150 351 3214 eamdem
368 3151 469 3237 ipsam
488 3151 696 3230 sententiam,
715 3170 812 3236 quam
830 3149 862 3211 in
879 3148 968 3212 libris
988 3142 1029 3212 de
1046 3150 1180 3216 Finibus

112 3256 326 3341 amplectitur.
339 3253 472 3317 Dudum
485 3270 594 3317 autem
607 3253 739 3342 coepisse
753 3252 813 3316 sibi
827 3252 1019 3316 Ciceronem
1031 3254 1179 3345 colligere

111 3360 298 3441 materiem,
316 3381 413 3446 quam
438 3358 627 3439 ethorum,
647 3380 729 3448 quos
753 3357 932 3438 edidimus,
951 3358 1129 3444 librorum,
1150 3379 1180 3426 et

111 3467 312 3554 reliquorum
339 3467 475 3530 omnino
500 3466 801 3553 philosophicorum
825 3489 960 3530 suorum
987 3488 1178 3555 argumento

110 3571 295 3635 inclusurus
306 3587 387 3652 erat,
400 3587 439 3633 ut
452 3571 546 3658 plane
559 3572 661 3634 multa
675 3569 792 3634 indicia
804 3589 882 3634 sunt
895 3572 906 3658 (
914 3574 956 3636 cf.
968 3596 997 3636 v.
1013 3597 1040 3636 c.
1058 3575 1176 3639 Acadd.

109 3677 141 3756 l,
164 3676 198 3757 3,
225 3698 259 3740 ιι
273 3676 301 3762 l:
319 3676 361 3739 ita
378 3675 441 3739 hoc
460 3676 635 3739 maximum
654 3678 934 3763 certissimumque
949 3680 1176 3762 statuendum,

109 3780 216 3868 quod,
230 3781 257 3843 si
274 3802 348 3843 cum
364 3780 452 3844 libris
468 3780 509 3844 de
524 3781 698 3869 Republica
712 3796 744 3844 et
758 3780 798 3844 de
814 3783 953 3871 Legibus
967 3784 1174 3849 Hortensium

109 3886 286 3972 exceperis,
309 3903 414 3949 cetera
433 3887 500 3966 ejus
518 3886 741 3976 philosophica
760 3889 868 3950 omnia
887 3888 963 3950 anni
980 3911 1178 3975 paucorum*

108 4013 172 4077 que
196 3991 356 4054 mensium
380 3993 484 4080 spatio
507 3992 654 4056 absoluta
675 4008 708 4056 et
727 3993 761 4054 in
784 3993 950 4079 publicum
971 3995 1086 4057 emissa
1108 4020 1174 4060 esse

107 4110 242 4170 constat,
267 4097 331 4160 Tot
352 4112 460 4162 autem
486 4098 563 4162 varii
587 4098 713 4187 generis
735 4097 852 4186 scripta
873 4099 998 4163 tantillo
1022 4103 1173 4189 temporis
