2656 4792
227 374 271 455 dn

564 381 613 447 M.
639 382 678 446 t.
707 380 948 448 CICERONIS

226 491 306 562 dem
326 518 434 589 quam
454 494 522 566 fuit
540 523 648 594 quem
669 499 915 583 imitarentur,
932 494 1029 566 nilus
1045 497 1219 566 orationis
1231 499 1273 567 rei

226 608 395 703 copiosae,
414 610 469 680 vel
492 611 661 706 elegantis
679 628 828 683 ornatus
848 610 984 682 defuit?

274 720 330 788 tv.
352 723 427 816 Ego
448 744 553 806 vero,
576 747 689 818 quutn
709 721 914 793 forensibus
933 722 1074 817 operis,
1092 717 1276 798 laboribus,

148 872 151 884 ·
226 829 413 925 periculis,
431 854 507 899 non
537 829 738 904 deseruisse
766 832 852 902 mihi
882 830 1035 902 videar¹
1064 829 1277 926 praesidium,

194 988 197 998 .
224 939 263 1006 in
289 962 364 1034 quo
389 962 410 1007 a
435 940 573 1037 populo
600 966 753 1013 romano
783 941 920 1012 locatus
947 942 1037 1011 sim:
1062 938 1184 1009 debeo
1205 963 1278 1035 pro·

136 1089 138 1093 f
223 1043 336 1134 fecto,
353 1062 688 1148 quantumcumque
706 1054 860 1149 possim,
880 1055 919 1120 in
937 1075 985 1141 eo
1001 1072 1157 1146 quoque
1175 1047 1279 1118 elabo

223 1180 302 1224 rare
313 1166 340 1242 ²,
370 1170 410 1227 nt
434 1159 504 1229 sint
536 1185 667 1258 opera,
692 1160 831 1248 studi0‚
852 1158 976 1230 labore
1000 1182 1084 1228 meo
1108 1155 1279 1227 doctiores

224 1268 317 1335 cives
352 1268 441 1354 mei,
461 1293 528 1340 nec
560 1295 643 1341 cnm
677 1270 752 1341 istis
786 1284 975 1366 tantopere
1006 1290 1194 1365 pugnare,
1226 1266 1281 1361 <1¹¹i

223 1399 335 1469 graeca
363 1376 482 1474 legere
507 1379 652 1463 malint,
672 1379 783 1450 rnodo
802 1379 921 1476 legant
947 1376 1006 1447 illa
1038 1378 1139 1472 ipsa,
1158 1399 1225 1444 nec
1241 1375 1280 1442 si·

222 1484 403 1572 mulent³;
421 1503 457 1557 et
470 1489 513 1559 iis
531 1491 683 1576 servire,
702 1492 765 1587 qui
779 1488 835 1559 vel
855 1488 1018 1583 utrisque
1035 1485 1148 1554 literis
1166 1485 1218 1553 uti
1233 1507 1281 1551 re·

223 1593 309 1682 lint,
329 1597 405 1684 vel,
427 1603 456 1669 si
471 1624 552 1671 suas
570 1599 726 1688 habent,
749 1600 825 1671 iilos
847 1623 922 1668 non
945 1618 1169 1692 magnopere
1197 1591 1280 1662 desi·

226 1704 390 1776 derentt.

258 1870 422 1921 1V.1.rn'tt
439 1874 537 1924 videar.
560 1876 628 1923 Goer.
648 1874 734 1922 teribit

223 1948 411 2001 videon-Ero.
422 1953 452 2000 de
463 1969 508 2001 tuo
517 1953 585 2001 dedit
594 1952 698 2009 videon
706 1963 734 2000 nt

223 2030 281 2077 olim
294 2046 393 2095 qnoque
406 2032 512 2084 Clericne
523 2044 634 2081 enoeertt.
648 2035 734 2096 t’erpe·

223 2127 282 2158 rem.
292 2110 351 2158 Non
364 2113 427 2159 enim
440 2113 472 2160 ed
487 2112 546 2159 miti
557 2112 711 2160 attenderunt
726 2124 733 2158 :

223 2190 257 2237 eie
266 2191 392 2250 conjunct.
403 2191 469 2239 hond
480 2192 542 2239 bene
551 2192 597 2239 eibi
606 2190 732 2238 conscien-

223 2269 254 2315 tie
271 2268 341 2316 foret.
363 2270 438 2314 Recte
457 2279 537 2316 autem
555 2269 616 2315 vidit
633 2268 730 2325 Bromi,

223 2362 297 2408 qnmn
307 2345 332 2392 h.
342 2346 360 2394 l.
370 2362 397 2393 ee
409 2346 524 2393 relatione
537 2347 611 2410 poni,
626 2357 667 2402 ut,
677 2356 733 2392 ente

223 2423 312 2480 debeo,
321 2434 371 2469 tum
381 2424 539 2486 cogitandum
550 2425 590 2472 eit.
601 2426 640 2472 Sic
648 2423 733 2471 ordine

224 2501 295 2548 etiam
317 2502 414 2548 invento
441 2505 508 2550 Ornt.
526 2507 537 2550 1
555 2538 562 2562 ,
583 2505 639 2563 3ο,
664 2502 731 2550 135:

224 2580 363 2626 «rationem
385 2582 568 2629 contuetudinie
589 2597 663 2638 mete,
686 2596 734 2643 qua

223 2658 348 2721 quondam
358 2659 444 2707 nolitne
456 2677 508 2708 enm
522 2661 558 2708 nti
569 2695 577 2719 ,
588 2676 664 2723 quum
675 2658 734 2706 mihi

224 2736 250 2783 in
261 2737 308 2784 into
321 2737 405 2785 etudio
415 2739 502 2785 veretri
516 2738 664 2786 adolescenti
676 2736 733 2784 lice·

227 2815 266 2864 bet
276 2837 296 2863 ι.
307 2819 336 2863 [n
348 2817 490 2880 qnondam,
507 2829 556 2864 tum
569 2818 637 2865 lntet.
652 2818 682 2863 G.

258 2912 283 2943 o.
300 2897 447 2945 elaborare.
471 2899 531 2945 Tres
548 2913 646 2961 quoqne
669 2895 733 2952 mei,

777 1874 819 1936 qui
830 1872 954 1929 elaboret,
964 1869 1116 1931 iniqueque,
1127 1867 1154 1912 in
1163 1882 1212 1928 qno
1222 1864 1281 1912 labo·

778 1961 829 2008 rot,
844 1948 960 2015 effectum
972 1957 1080 2009 spectet:
1092 1944 1163 2008 qnod
1175 1944 1231 2008 plne
1243 1946 1281 1990 ni·

778 2014 824 2076 nite
834 2029 924 2092 ubique
938 2027 1018 2073 velere
1028 2025 1116 2083 debet,
1128 2024 1174 2071 nini
1185 2023 1216 2070 de
1223 2039 1281 2070 com·

778 2109 861 2171 posito
875 2117 939 2153 recte
957 2105 1040 2169 ponito
1053 2105 1108 2164 jure
1119 2104 1154 2150 eie
1165 2102 1281 2149 dubitetu-

779 2203 828 2234 rne.
846 2189 900 2233 Hoc
919 2185 1048 2231 discrimen
1064 2194 1089 2230 et
1106 2181 1176 2229 verbi
1189 2193 1282 2231 nature.

776 2277 802 2313 et
814 2265 882 2321 loct,
895 2278 951 2326 que
961 2278 1007 2309 noe
1021 2261 1220 2318 observavimus,
1235 2275 1281 2305 om·

778 2345 815 2391 nir
842 2342 956 2408 probent.
975 2344 1012 2388 lte
1030 2342 1100 2388 Oret.
1110 2342 1134 2397 1,
1155 2339 1208 2400 59,
1223 2340 1283 2391 251,

776 2423 904 2469 elaborare
914 2418 1055 2468 tentandum
1067 2434 1119 2466 non
1130 2428 1183 2465 eret
1195 2432 1202 2465 t
1212 2417 1283 2464 minut

777 2503 848 2548 etiem
857 2503 925 2548 Oret.
940 2503 980 2556 ΙΙ,
994 2501 1036 2558 57,
1046 2501 1105 2547 231.
1121 2500 1155 2546 G.

813 2581 837 2626 3.
854 2580 929 2626 Modo
944 2580 1029 2643 legant
1041 2578 1085 2626 atta
1105 2579 1168 2640 ipsa.
1187 2578 1282 2624 Goerent

778 2658 842 2706 delet
865 2658 918 2705 itta:
942 2662 1031 2707 Prreter
1044 2659 1080 2715 td,
1101 2657 1202 2718 inquit,
1223 2655 1283 2718 qood

777 2738 828 2785 duo
838 2739 899 2794 mei,
912 2749 1053 2800 vetereeque
1062 2736 1123 2785 editi
1136 2735 1209 2783 multi
1220 2769 1227 2791 ‚
1237 2734 1283 2798 ipse

776 2815 832 2873 itta,
847 2827 871 2863 et
880 2816 932 2863 bini
939 2818 1039 2863 Oxonn.
1050 2809 1163 2877 nntieqne
1172 2830 1203 2860 ex
1216 2814 1282 2866 meir,

775 2898 1021 2962 eorpsaprnben13
1042 2897 1139 2960 ignoret
1161 2894 1207 2942 itta
1228 2894 1282 2956 Spir.

222 2975 329 3038 editiqnc
349 2989 439 3024 vetere·
457 2988 493 3024 net
513 2978 583 3025 multi
603 2976 731 3023 laborare.-
775 2976 853 3036 anue
871 2977 1041 3025 auctoritatem
1057 2992 1088 3022 eo
1106 2973 1183 3036 megin
1196 2971 1282 3034 eeqnnti

223 3056 256 3101 itt
270 3055 354 3102 scriba
364 3072 433 3119 pane
443 3056 534 3119 ubique
545 3056 628 3104 hocin
640 3053 731 3108 verbo;
775 3071 873 3113 tumus,
893 3055 961 3118 quod
986 3056 1035 3118 ipse
1059 3069 1122 3116 sepe
1142 3053 1178 3099 eic
1197 3050 1283 3099 eneton'

223 3133 280 3181 ride
295 3135 428 3198 Heueingg.
451 3135 482 3182 ed
496 3135 546 3182 off.
559 3137 586 3192 1,
606 3133 671 3195 1,.6.
682 3131 730 3178 Sed
775 3134 917 3198 simpliciter
928 3151 974 3198 pro
988 3135 1008 3181 is
1023 3132 1062 3180 vei
1074 3131 1116 3179 itte
1128 3129 1180 3192 ipse
1193 3129 1282 3183 dicitnr,

224 3214 304 3259 Bremi
317 3214 342 3260 h.
356 3214 372 3262 Ι.
383 3214 513 3277 compositi
526 3212 594 3260 verbi
603 3211 731 3258 discrimen
776 3213 808 3261 cf.
819 3216 892 3277 Legg.
902 3216 939 3270 ΙΙ,
956 3216 986 3270 5,
1006 3227 1054 3270 ¹²3
1068 3220 1114 3267 14,
1129 3211 1181 3268 34,
1195 3220 1221 3256 et
1230 3208 1281 3255 intr·

119 3347 122 3354 Ι
223 3290 733 3355 coimplicieonetitnene‚nemimem,
777 3287 1282 3354 cep.5‚13;11.26‚82;et‚9t.

223 3370 267 3432 qui
290 3370 320 3417 de
342 3373 534 3435 compositorum
555 3371 684 3419 verborum
695 3386 733 3416 rn-
777 3371 890 3418 Derieine
908 3370 1044 3433 corrigebat
1067 3367 1110 3414 itta
1132 3365 1202 3429 ipsi,
1225 3362 1283 3430 qnod

225 3449 291 3495 tione
304 3453 438 3498 eccnretine
458 3451 593 3514 cogitavit,
616 3449 666 3496 hoc
679 3465 734 3512 per·
777 3448 809 3497 nd
826 3449 877 3496 bac
893 3442 1008 3496 contexti
1024 3448 1103 3510 friget.

224 3527 350 3588 tondebit,
374 3541 419 3591 nt,
437 3546 511 3592 qnum
536 3529 640 3591 eimpiex
665 3544 733 3574 tum·
815 3537 841 3583 4.
872 3529 923 3576 Nec
942 3544 997 3574 cnm
1014 3527 1115 3574 ism...
1147 3524 1289 3572 desiderent.

223 3620 287 3653 mem
301 3607 444 3655 indnetriem
456 3641 464 3666 ,
481 3624 625 3671 omnemque
646 3608 734 3653 virium
777 3607 830 3656 Neo
842 3606 900 3654 volo
914 3607 1051 3670 vituperare
1061 3620 1103 3651 eoo
1114 3603 1159 3665 qni
1171 3602 1256 3650 dicunt
1265 3614 1290 3648 rt

224 3686 384 3733 intentionem
413 3697 483 3734 notet
505 3719 514 3746 ,
542 3686 671 3733 elaborare
703 3684 734 3733 de
777 3701 854 3749 μοι
865 3686 943 3749 legere
957 3685 1036 3742 maile,
1047 3680 1183 3731 dummodo
1195 3697 1249 3729 non
1258 3683 1298 3728 ti·

224 3765 318 3826 ntique,
347 3781 398 3812 non
420 3778 500 3814 antem
528 3767 631 3813 maxime
658 3780 732 3829 opero
777 3765 868 3813 molent
882 3782 907 3812 ee
927 3764 968 3812 itta
987 3761 1139 3827 legere,eed
1154 3778 1180 3808 re
1195 3762 1249 3825 ipen
1257 3761 1304 3808 ie·

224 3841 326 3890 dicatur.
348 3846 459 3907 Utroque
479 3846 560 3910 potine
581 3860 655 3909 open
677 3860 733 3892 cum
778 3855 834 3907 gant
849 3859 856 3892 :
871 3844 913 3891 eed
926 3844 1009 3907 potius
1027 3844 1102 3906 cnpio
1120 3838 1312 3887 untieeneit·

224 3923 305 3985 gravi,
316 3932 387 3986 etque
399 3925 458 3972 inde
471 3927 542 3972 etiem
555 3923 655 3971 molente
669 3939 732 3970 non·
776 3923 820 3987 qni
832 3925 941 3986 utrisque
959 3922 1035 3970 literis
1054 3921 1090 3968 nti
1110 3919 1203 3975 velint,
1225 3929 1249 3965 et
1263 3917 1320 3963 ii·

225 4018 373 4064 numquam.
396 4005 484 4051 virium
503 4005 674 4060 contentione,
691 4019 733 4051 ex-
777 4003 821 4066 qni
830 4003 939 4050 contenti
949 4002 1025 4049 iiterie
1037 4000 1117 4048 intinie
1126 4016 1178 4047 non
1188 3998 1322 4046 metitur,

224 4081 353 4144 primitnr;
367 4084 417 4139 bec
431 4095 510 4132 temen
522 4082 659 4131 disserenti·
672 4117 679 4144 ‚
692 4093 733 4140 nt,
776 4082 827 4141 jem
840 4096 930 4146 grew
939 4079 1119 4128 deeidernbnnt.
