2656 4792
206 387 227 430 x
543 357 670 427 ttovl
696 353 944 421 EDITORlS

167 537 171 543 -
207 511 244 565 et
264 506 435 589 corrupta
460 491 636 569 correxit,
661 485 817 556 obscura
841 484 1000 557 dilucide
1026 487 1281 585 interpretatus

205 628 269 686 est.
290 614 389 684 Illius
406 627 509 684 notas
524 610 714 708 plerasque
731 610 953 679 servavimus
969 608 1056 703 (nisi
1072 609 1173 706 quod
1194 637 1281 681 non

207 737 307 809 nulla
329 737 479 806 minoris
501 733 701 817 momenti,
721 731 775 802 vel
801 756 884 828 quae
907 734 1038 829 saepius
1058 733 1186 805 iisdem
1210 734 1282 806 lere

206 859 358 931 vocibus
389 856 544 953 repetita
574 851 836 941 occurrebant,
865 868 901 923 et
936 855 1070 926 multas
1104 855 1279 955 discepta-

168 1053 170 1055 ,
207 987 348 1069 tiones,
369 1004 472 1076 quae,
500 981 567 1049 etsi
594 1001 660 1075 per
693 1000 732 1047 se
760 977 974 1048 doctissimae
1005 994 1041 1049 et
1064 983 1214 1051 maximi
1238 979 1283 1052 fa-

204 1104 359 1186 ciendae,
398 1100 603 1172 adventitia
639 1115 762 1171 tamen
797 1113 834 1170 et
870 1097 918 1170 ab
951 1101 1168 1198 explicando
1205 1104 1284 1175 loco

205 1231 264 1301 cui
284 1223 566 1325 apponebantur
588 1247 739 1323 prorsus
766 1224 890 1294 alienae
913 1240 1035 1311 erant,
1056 1228 1285 1325 supprimere

206 1375 352 1423 necesse
372 1347 485 1442 suit),
510 1352 559 1418 ita
582 1340 628 1418 ut'
650 1345 721 1417 hoc
749 1346 936 1416 volumine
967 1344 1164 1418 doctissimi
1192 1346 1287 1417 illius

205 1478 272 1546 viri
292 1472 367 1546 lere
385 1475 524 1570 integra
543 1470 696 1568 prodeat
715 1467 836 1540 editio.
855 1473 1030 1540 Praeterea
1055 1469 1133 1564 ejus
1160 1468 1288 1567 praela·

203 1580 361 1684 tionem,
385 1622 459 1695 qua
480 1599 659 1666 rationem
685 1618 796 1690 quam
824 1597 862 1663 in
882 1591 1110 1691 disponenda
1134 1617 1198 1665 sua
1218 1591 1289 1664 edi-

209 1727 308 1796 tione
328 1718 514 1807 adhibuit,
546 1733 581 1789 et
603 1718 734 1789 auxilia
763 1715 900 1814 quibus
922 1743 1009 1788 usus
1036 1733 1110 1805 est,
1129 1717 1209 1788 luse
1229 1743 1289 1789 ex·

211 1851 335 1947 ponit,
356 1842 611 1939 exscripsimus
640 1842 765 1937 (quam
787 1838 869 1910 vide
897 1841 1017 1910 statim
1044 1854 1127 1938 post
1150 1839 1290 1911 hancce

211 1967 383 2070 praelat.);
410 1967 487 2036 sine
507 1989 580 2063 qua
596 1963 675 2059 ejus
693 1978 789 2034 notae
808 1962 961 2060 intelligi
979 1963 1038 2031 vix
1059 1976 1217 2060 possent.

260 2096 384 2183 Quum
406 2113 493 2161 vero
525 2114 570 2160 ex
596 2086 757 2159 editione
782 2087 972 2157 Davisiana
1004 2085 1292 2182 (Cantabrigiae,

218 2217 346 2316 1728),
364 2241 443 2313 quae
473 2213 559 2298 diu,
589 2227 672 2283 ante
693 2211 943 2296 Goerenzium,
962 2212 1128 2280 omnium
1153 2212 1293 2307 optima

206 2328 336 2413 'habita
364 2337 450 2421 suit,
479 2334 692 2420 nonnullas,
717 2348 794 2404 tum
824 2335 937 2431 ipsius
956 2335 1106 2417 Davisii,
1130 2349 1209 2403 tum
1227 2337 1292 2404 Vi·

212 2464 334 2548 ctorii,
348 2460 519 2542 Manutii‚
535 2452 749 2546 Camerarii,
765 2457 910 2544 Ursini,
927 2454 1111 2544 Lambini,
1124 2458 1294 2540 Gruteri,

211 2589 441 2682 aliorumque
472 2606 686 2680 magnorum
721 2585 948 2665 criticorum,
969 2605 1051 2677 quae
1075 2582 1225 2678 integrm
1257 2583 1293 2650 in

215 2708 429 2808 exemplari,
451 2704 551 2804 quod
577 2708 614 2776 in
638 2704 808 2778 manibus
832 2702 1077 2791 habebamus,
1103 2706 1296 2801 reperiun-

212 2851 275 2908 tur
296 2833 364 2928 (r),
394 2846 500 2902 notas
529 2816 778 2919 hauserimus,
806 2856 826 2901 a
855 2834 1050 2902 Goerenzio
1082 2853 1296 2926 perperam,

214 2971 341 3029 nostro
376 2952 500 3026 saltem
531 2951 688 3046 judicio,
719 2952 920 3049 neglectas;
952 2976 1068 3048 pauca
1100 2977 1144 3020 ex
1181 2952 1297 3049 ipsius

256 3238 297 3318 (r)
319 3242 353 3294 In
375 3234 508 3293 manibus
534 3234 588 3292 luit
614 3234 723 3293 Davisii
741 3234 848 3306 editio,
871 3255 959 3313 quam
982 3235 1107 3294 Rathius
1131 3234 1213 3292 dedit
1238 3236 1297 3294 boc

219 3344 327 3402 titulo:
352 3344 415 3398 «Μ.
429 3338 518 3397 ΤιιΙΙίἰ
544 3338 692 3397 Ciceronis
720 3338 757 3397 de
780 3338 901 3398 Finibus
924 3339 1070 3398 bonorum
1099 3340 1296 3398 etmalorum

216 3449 308 3508 libros
324 3446 469 3524 quinque,
483 3463 519 3501 ex
534 3443 706 3502 recensione
719 3445 841 3503 Ioaniris
851 3444 960 3503 Davisii
975 3463 1041 3502 cum
1055 3443 1186 3520 ejusdem
1203 3445 1297 3503 anim-

218 3550 457 3620 adversionibus,
479 3563 508 3608 et
523 3552 601 3609 notis
616 3551 739 3629 integris
753 3553 814 3613 Pet.
824 3551 964 3623 Victorii,
985 3555 1017 3609 P.
1034 3551 1176 3623 Manutii‚
1192 3553 1296 3611 Joarb.

218 3656 390 3722 camerarii,
413 3660 448 3713 D.
464 3653 617 3723 Lambini,
638 3665 672 3713 a'c
691 3655 787 3714 Fulvii
804 3655 917 3727 Ursini,
941 3653 1032 3714 edidit
1047 3654 1222 3734 Rudolpbus
1234 3661 1298 3714 Go-

217 3765 366 3826 doholdus
386 3764 479 3835 Rath,
501 3763 606 3822 doctor
626 3761 822 3843 philoso'phiae
849 3777 879 3822 et
897 3777 1050 3823 corrector
1072 3765 1213 3844 gymnasii
1234 3769 1297 3823 Ha-

217 3873 313 3930 lensis.
335 3867 487 3928 Accedunt
506 3868 626 3927 Gruteri
647 3878 726 3928 notae
747 3886 784 3927 ex
806 3887 856 3928 sex
879 3870 1017 3928 Palatinis
1032 3869 1117 3928 codd.
1132 3884 1160 3927 rt
1174 3869 1297 3928 editoris

217 3976 434 4036 emendationes
449 3974 486 4032 ad
502 3973 594 4033 libros
607 3974 721 4053 priores
736 3973 820 4034 ditos.
837 3975 918 4034 Halis
933 3979 1097 4047 Saxonum,
1110 3974 1188 4053 apud
1200 3979 1294 4034 Caro-

218 4086 277 4143 lum
289 4089 452 4160 Augustum
466 4082 678 4154 Kiimmelitint,
697 4082 771 4150 1802
785 4108 805 4138 n.
