2656 4792
115 411 1185 439 mmmmmmmmmmmfflmfflut

239 636 343 741 JO.
388 633 574 740 AUG.
619 632 1068 757 GOERENZII

379 802 383 809 ’
477 854 833 945 pransuro,

589 1102 722 1121 -.o-.-

106 1294 315 1393 'pnonsnnr
341 1318 406 1384 hoc
426 1317 594 1383 volumine
617 1317 691 1381 libri
724 1317 890 1382 Ciceronis
913 1317 955 1383 de
978 1318 1132 1402 Finibus,
1159 1322 1193 1385 in

123 1429 244 1518 quibus
276 1424 371 1490 nobis
401 1422 525 1512 magnis
553 1445 631 1486 curn
665 1420 912 1487 difficultatibus
940 1422 1193 1489 conflictandum

127 1536 199 1599 fuit.
223 1531 355 1596 Etenim
381 1552 510 1610 rerum,
534 1552 614 1616 quas
630 1545 786 1611 tractant,
806 1530 985 1612 subtilitas,
1003 1546 1100 1618 atque
1119 1531 1196 1595 inde

125 1656 221 1706 enata
234 1636 432 1717 obscuritas,
449 1651 622 1723 textusque
638 1636 848 1718 creberrima,
861 1635 917 1701 sed
935 1636 1128 1725 plerumque
1144 1661 1198 1702 re-

126 1745 291 1813 conditior
300 1742 477 1830 corruptio,
487 1742 521 1805 in
536 1743 608 1806 luce
621 1743 740 1830 pariter
753 1758 851 1830 atque
866 1742 989 1807 medela
1003 1767 1063 1807 suo
1080 1744 1199 1832 cuique

126 1854 202 1916 loco
228 1845 448 1928 admovenda,
470 1847 678 1911 vehementer
705 1870 764 1912 nos
797 1865 1020 1912 exercuerunt.
1048 1849 1198 1913 Dubitari

129 1959 219 2029 enirn
235 1955 367 2043 nequit,
386 1976 489 2040 quum
512 1975 563 2017 res
582 1954 649 2041 ipsa
668 1953 835 2041 loquatur,
858 1955 920 2019 hos
935 1954 1035 2018 libros
1051 1956 1200 2019 omnium

131 2063 300 2129 Ciceronis
326 2061 627 2150 philosophicorum
652 2077 790 2125 tractatu
816 2084 885 2124 esse
902 2061 1118 2128 difficillimos.

176 2172 246 2236 Nos
274 2168 407 2257 quidem
432 2167 474 2232 ab
497 2183 636 2254 utraque
657 2183 764 2257 parte,
787 2185 947 2255 quantum
971 2168 1005 2231 in
1030 2168 1094 2232 hoc
1119 2167 1202 2232 male

132 2277 255 2353 lacero,
272 2272 362 2360 quod
386 2273 547 2336 tantillum
571 2273 622 2337 his
648 2272 745 2339 rebus
770 2289 954 2361 supererat,
980 2273 1047 2338 otio
1069 2272 1203 2355 licebat,

135 2404 194 2470 pro
221 2380 372 2444 facultate
396 2379 556 2443 fecimus:
581 2378 637 2443 sed
659 2381 714 2467 qui
740 2381 774 2443 in
800 2381 850 2443 his
877 2379 1068 2469 perfectiora
1095 2380 1207 2467 requi·

136 2488 241 2567 sierit,
263 2487 323 2549 iste
343 2507 539 2572 quamquam
564 2507 622 2574 per
647 2508 682 2549 se
705 2485 793 2564 justa
822 2486 982 2572 requiret,
1006 2485 1068 2549 hac
1095 2501 1204 2549 tamen

137 2593 281 2656 muneris
313 2590 528 2679 occupatione
560 2591 684 2671 nostri,
718 2592 768 2654 vel
798 2590 946 2655 benivole
977 2590 1072 2654 nobis
1101 2590 1205 2653 otium

138 2698 312 2788 benignius
329 2697 475 2784 optabit,
502 2698 551 2761 vel
570 2697 610 2760 ab
631 2712 702 2762 toto
726 2698 792 2761 hoc
814 2697 978 2761 scribendi
1002 2696 1137 2760 consilio
1159 2719 1209 2760 se·

140 2827 213 2868 vere
234 2825 295 2866 nos
318 2800 503 2865 deterrebit.
530 2801 605 2865 Non
633 2802 719 2864 enirn
744 2802 790 2864 sic
819 2800 905 2864 laudi
927 2801 1067 2865 scribere
1090 2816 1209 2864 nostrie

141 2910 227 2991 licet,
244 2906 302 2971 sed
319 2906 449 2970 utilitati
465 2906 620 2984 aliorum;
633 2929 694 2970 nec
704 2908 832 2993 plenam
844 2907 929 2971 hanc
945 2906 1140 2986 consectari,
1152 2904 1209 2969 sed

144 3016 426 3103 qualemcumque.
452 3014 560 3099 Atque
584 3013 628 3075 ita
652 3012 783 3099 quidem
809 3013 892 3075 hanc
914 3035 1046 3099 quoque
1062 3032 1210 3100 operam,

146 3118 351 3206 quantumvis
370 3117 466 3181 etiam
483 3117 524 3180 ab
540 3116 594 3180 illo
610 3119 760 3206 perfectae
777 3117 926 3181 editionis
944 3118 1092 3205 exemplo
1108 3117 1211 3195 absit,

147 3226 174 3287 in
191 3247 261 3312 quo
282 3223 405 3309 ubique
426 3221 619 3311 applicando
637 3223 760 3285 nemini
782 3224 890 3286 minus
912 3221 1092 3310 placemus,
1112 3245 1210 3309 quam

149 3327 404 3414 nobismetipsis5
429 3343 538 3391 tamen
568 3349 636 3390 non
669 3327 738 3389 sins
770 3329 878 3389 fructu
908 3326 979 3389 fore
1007 3325 1212 3391 confidimus.

150 3433 258 3498 Multis
286 3449 373 3495 certe
393 3432 472 3495 locis
496 3432 531 3495 hi
557 3431 631 3495 libri
657 3431 892 3496 emendatiores
919 3454 1008 3495 nuno
1031 3432 1214 3519 prodeunt,

151 3539 245 3627 idque
261 3538 400 3602 maxime
413 3560 470 3601 sex
487 3535 653 3617 codicum,
672 3539 790 3624 quibus
808 3538 857 3600 usi
876 3559 1006 3617 sumus,
1023 3538 1162 3603 auxilio:
1180 3539 1214 3602 in

152 3644 294 3707 hisvero
316 3666 382 3731 prae
402 3642 515 3707 ceteris
541 3642 712 3723 binorum,
737 3642 896 3729 Spirensis
920 3641 1067 3724 alterius,
1085 3643 1216 3709 alterius

154 3748 364 3838 llrlangensis.
389 3749 479 3811 Illius
504 3747 707 3812 collationem
736 3747 840 3812 eidem
865 3747 1012 3836 Wegelio
1040 3748 1216 3830 debemus,

156 3856 242 3937 cujus
258 3856 292 3918 in
309 3854 485 3943 superioris
494 3854 668 3917 voluminis
678 3853 864 3940 praefatione
875 3852 888 3940 (
893 3852 923 3941 r)
936 3854 1154 3937 meminimus,
1162 3855 1219 3919 atl-

193 4103 229 4164 (ι)
247 4102 312 4150 Vide
322 4101 435 4166 superius
448 4101 560 4149 volumen
571 4110 661 4149 nostre
670 4099 791 4165 editprg.
802 4114 864 4162 xvi,
877 4099 920 4148 lin.
933 4107 948 4157 4
958 4116 1027 4164 seqq.

230 4199 273 4266 ll.
301 4212 419 4279 ciepm
435 4210 510 4261 tertia.
677 4236 680 4241 -
1086 4220 1096 4263 ι
