2656 4792
126 374 336 397 mmm
341 378 1191 410 Mmmflssfflmmmmfflffl

381 639 922 746 ARGUMENTUM

315 930 463 999 LIBRI
491 932 642 1000 PRIMI
671 933 740 1001 DE
767 933 995 1003 FINIBUS.

117 1162 155 1219 ln
171 1161 217 1219 his
231 1162 362 1240 quinque
375 1158 413 1221 de
427 1161 550 1222 Finibus
566 1161 648 1222 libris
660 1163 723 1243 (ιιι
714 1182 745 1220 ιιι
758 1163 978 1223 Introductione
993 1165 1171 1244 pluribus'
1143 1188 1191 1227 vt·

138 1257 270 1339 dimine)
294 1260 382 1317 trium
405 1260 613 1319 sententiarum
638 1260 825 1340 principum,
845 1261 1012 1340 Epicurea,
1033 1263 1138 1324 Stoicae
1160 1278 1190 1323 et

155 1357 356 1435 Peripateticse
367 1357 513 1415 enarratio
529 1371 559 1416 et
572 1357 768 1436 ponderatio
759 1371 800 1417 tta
816 1360 991 1430 continetur,
1000 1372 1033 1418 ut
1048 1361 1144 1435 primo
1155 1380 1189 1419 ac

156 1454 287 1512 secundo
305 1455 439 1534 Epicuri,
456 1456 543 1513 tertio
558 1470 722 1534 quartoque
739 1458 923 1530 Stoicorum,
939 1458 1042 1535 quinto
1061 1454 1188 1537 denique

156 1550 414 1628 Peripateticorum
429 1551 503 1610 ratio
517 1552 667 1630 proposita
681 1553 870 1612 examinetur.

195 1647 285 1706 l’rimi
305 1659 402 1706 autem
416 1647 485 1706 libri
498 1648 621 1706 exordio
639 1649 733 1707 varias
749 1669 766 1707 a
782 1669 813 1708 se
829 1664 932 1709 auctor
944 1650 1186 1729 reprehensiones

157 1745 296 1802 amolitur
307 1764 428 1815 eorum,
442 1746 493 1823 qui
513 1745 588 1804 hanc
608 1766 728 1825 operam
743 1747 772 1805 in
787 1746 971 1826 philosophia
986 1749 1081 1807 latinis
1095 1749 1187 1809 literis

155 1840 341 1914 illustranda,
349 1854 382 1899 ut
394 1842 534 1920 principis
548 1844 672 1901 Romani
684 1863 815 1922 personae
825 1863 928 1921 parum
942 1844 1186 1904 accommodatam

152 1936 342 2015 judicabant,
368 1939 522 2017 ipsumque
546 1940 582 1998 ad
605 1939 684 1998 aliud
706 1939 853 1999 scribendi
875 1941 1003 2000 studium
1018 1942 1185 2001 avocabant.

155 2034 323 2113 Respondet
332 2035 378 2094 his
389 2035 493 2114 partim
505 2037 547 2095 rei
560 2037 648 2113 ipsine
656 2036 825 2116 dignitatem
835 2058 951 2115 urgens,
963 2039 1070 2116 partim
1081 2040 1186 2117 linguae

155 2132 251 2190 latinae
265 2131 302 2191 ab
317 2133 372 2192 hac
388 2136 474 2191 etiam
489 2146 571 2212 parte
585 2136 770 2207 excolende,
786 2147 816 2192 et
831 2135 951 2192 omniuo
967 2134 1004 2193 ad
1017 2141 1185 2195 Graecorum

155 2230 325 2307 elegantiam
348 2230 517 2303 evehenda,
537 2233 765 2291 necessitatem:
793 2232 951 2310 fatigatque
976 2232 1061 2291 simul
1084 2251 1185 2291 eorum

156 2325 319 2399 festidium,
340 2327 391 2404 qui
415 2326 478 2385 haec
491 2327 590 2406 graecis
604 2327 723 2405 quidem
743 2328 834 2386 literis
854 2328 986 2406 exposita
1001 2324 1185 2408 probabant,

156 2421 266 2494 latinis,
281 2423 464 2501 respuebant.
497 2430 563 2497 Qua
579 2437 676 2482 autem
692 2425 755 2502 ipse
770 2425 840 2483 olim
862 2444 952 2503 opera
970 2424 1135 2484 forensibus
1155 2426 1184 2483 in

160 2521 296 2599 periculis
320 2520 432 2579 civibus
455 2522 514 2580 suis
536 2522 696 2600 profuerit,
718 2523 848 2581 eamdem
869 2522 930 2600 jam
952 2523 1069 2600 quidem
1086 2524 1116 2581 in
1140 2522 1186 2581 his

162 2617 326 2677 erudiendis
346 2620 554 2678 collocaturum
577 2640 607 2677 se
629 2621 790 2698 profitetur.
812 2624 869 2678 Eos
885 2641 978 2690 vero,
1003 2621 1053 2698 qui
1078 2621 1133 2680 alia
1147 2620 1185 2679 eh

162 2716 225 2795 ipso
249 2717 357 2794 scripta
378 2716 600 2796 exspectabant,
623 2716 659 2774 ad
681 2717 808 2790 totilla,
839 2736 904 2794 quae
925 2730 992 2775 aute
1010 2720 1183 2795 scripserat,

163 2811 290 2891 ableget,
302 2826 374 2891 quot
388 2828 454 2872 aute
470 2815 565 2892 ipsum
578 2814 706 2872 emiserit
718 2832 814 2871 nemo.
832 2818 902 2872 Esse
912 2814 1015 2885 etiam,
1031 2833 1094 2891 quar
1108 2832 1185 2872 nunc

162 2923 256 2989 paret,
269 2911 388 2969 maximi
402 2909 539 2969 advitam
553 2911 798 2988 momenti,quum
812 2909 849 2969 de
863 2911 920 2968 fine
932 2923 1042 2988 agatur,
1050 2909 1087 2968 ad
1098 2928 1184 2988 quem

162 3009 257 3065 omnia
276 3006 352 3066 hene
373 3007 504 3079 vivendi,
528 3022 664 3086 recteque
686 3007 810 3067 faciendi
833 3008 952 3066 consilia
975 3007 1106 3065 revocari
1131 3005 1184 3064 de-

163 3103 294 3178 bennt‚§
311 3106 415 3164 1-13.

199 3208 227 3263 A
243 3204 385 3262 facillimis
403 3203 465 3282 jam
480 3222 635 3263 exorsurus
654 3204 774 3283 Epicuri
794 3202 831 3261 de
846 3201 950 3261 finibus
967 3202 1109 3260 rationem
1122 3202 1185 3280 pri-

163 3319 235 3359 mam
250 3301 282 3359 in
304 3320 421 3360 censum
439 3312 543 3374 vocat,
567 3301 705 3378 fingitque
730 3319 892 3358 sermonem
913 3301 1032 3359 interl..
1048 3302 1184 3376 Torqua·

163 3408 240 3466 tum,
255 3397 449 3475 Epicureum,
463 3409 493 3454 et
507 3400 537 3455 C.
548 3397 709 3468 Triarium,
725 3396 962 3474 Peripateticum,
975 3414 1040 3454 cum
1055 3395 1121 3473 ipso
1133 3394 1184 3451 ha-

161 3492 357 3572 bitom,qnun1
364 3494 393 3552 ιιι
403 3500 564 3553 Cumanum
576 3493 687 3553 visendi
698 3494 760 3571 ejus
771 3512 857 3552 causa
867 3495 1018 3552 venissent.
1031 3491 1185 3551 Mirahun-

161 3589 227 3649 dum
253 3591 349 3669 primo
372 3591 440 3649 facit
460 3594 655 3669 Torquatum,
671 3591 750 3669 quod
772 3591 892 3668 Epicuri
910 3592 1052 3649 rationem
1072 3589 1183 3649 Tullius

160 3707 216 3746 non
230 3687 354 3767 probet,
370 3706 543 3767 causamque
562 3687 624 3764 ejus
640 3688 683 3746 rei
699 3689 728 3746 in
742 3689 804 3747 sola
818 3689 957 3747 orationis
972 3688 1129 3766 elegantia,
1146 3685 1183 3744 ab

159 3783 214 3843 hoc
229 3785 406 3865 philosopho
424 3786 571 3863 neglecta,
586 3800 771 3862 querentem.
788 3791 828 3844 At
841 3785 908 3858 hic,
925 3804 985 3845 rem
1000 3804 1077 3856 esse,
1096 3802 1183 3861 quam

159 3902 215 3942 non
235 3883 358 3962 probet,
371 3904 430 3942 non
448 3886 626 3956 orationem3
640 3904 730 3962 quum
744 3885 811 3943 satis
822 3884 865 3964 'sit
881 3885 910 3942 ιιι
926 3883 1119 3963 philosopho,
1140 3883 1183 3952 si,

160 3999 220 4057 quae
239 3980 345 4053 sentit,
369 3981 456 4058 plane
474 3981 560 4039 dicat.
586 3985 737 4058 Torquato
759 3992 874 4052 autem,
896 3999 961 4058 qua
980 4000 1039 4037 non
1059 3976 1181 4057 probet,

161 4078 339 4155 requirente,
358 4063 411 4136 hic
428 4096 481 4155 per
501 4091 599 4156 partes
620 4076 746 4156 singulas
767 4088 856 4136 totam
874 4077 950 4135 illius
966 4073 1181 4154 philosophiam
