2656 4792
397 358 789 429 rnrnonncrro.
1087 390 1127 462 19

52 592 134 657 Hoec
161 588 358 655 Introductis
382 611 444 678 qno
464 590 591 677 plem'or
611 592 670 668 sit,
700 591 862 656 nonmsllo
885 590 1033 661 addimus
1052 616 1125 687 qnoe

98 699 243 762 Ioannes
258 697 425 778 Davisius,
441 719 510 761 suoe
537 697 680 763 editionis
703 699 809 781 initio,
832 715 940 764 monet
962 701 1002 765 de
1018 702 1128 770 lorum

100 804 259 869 librorum
276 804 487 891 inscriptione.

99 993 193 1059 Licet
210 1015 293 1082 opus
312 992 438 1082 ipsum,
460 991 551 1079 quod
577 990 618 1056 de
638 990 775 1057 Finibus
793 992 1010 1060 bonorumet
1029 997 1132 1080 malo·

56 1121 133 1161 rum
155 1097 362 1162 concinnavit
378 1097 523 1177 Tullius,
539 1097 671 1160 eximias
693 1095 803 1161 laudes
824 1097 865 1162 ab
884 1099 1038 1165 omnibns
1063 1124 1132 1168 me·

57 1205 159 1269 ritum
177 1203 220 1269 sit
238 1196 392 1282 eruditis3
420 1217 528 1267 tamen
549 1202 666 1267 accidit
689 1219 727 1267 ut
750 1202 848 1267 index
865 1205 1024 1270 volumini
1048 1230 1132 1295 prte·
1188 1260 1193 1267 .

58 1309 188 1397 positus
219 1307 386 1373 nonnullis
414 1307 503 1373 haud
534 1309 685 1373 arriserit.
711 1309 826 1374 Caelius
855 1311 943 1375 enim
965 1312 1132 1402 Calcagni·

57 1439 120 1481 nus
139 1414 188 1505 (1)
213 1437 284 1480 eam
307 1415 500 1481 sententiam
524 1415 647 1497 tenuit,
666 1432 704 1482 ut
731 1415 831 1480 hosce
857 1417 959 1481 libros
987 1416 1029 1483 de
1054 1419 1134 1484 Fine

58 1522 226 1587 bonorum
255 1537 288 1586 et
316 1521 477 1585 malorum
510 1520 614 1585 multo
650 1520 857 1586 commodius
897 1523 1132 1612 inscripturum

58 1627 160 1691 luisse
174 1626 364 1691 Ciceronem
377 1625 604 1712 pronuntiarit„
616 1625 690 1709 sed,
701 1624 978 1713 quemadmodum
994 1628 1135 1693 lacobus

59 1731 262 1820 Grifolus(2)
281 1731 406 1821 optimo
420 1731 493 1811 jure
513 1731 677 1820 reposuit,
703 1761 716 1786 ι
728 1753 832 1819 quum
851 1732 960 1819 plures
977 1733 1043 1799 sint
1058 1734 1137 1801 Phi·

58 1838 276 1927 losophorum
302 1837 420 1902 scholae
447 1859 507 1900 nec
537 1836 691 1903 eumdem
721 1835 820 1901 finem
845 1837 907 1901 sibi
932 1857 1137 1928 proponant,

58 1964 232 2032 quumque
260 1940 300 2006 de
326 1941 479 2006 omnibus
505 1941 619 2005 Cicero
646 1941 825 2030 scripturus
856 1958 956 2022 osset,
987 1960 1025 2009 ut
1053 1968 1134 2010 con-

60 2066 123 2114 stat
142 2048 207 2137 [3);
223 2064 311 2113 recte
339 2049 380 2120 de
400 2047 532 2111 Finibus
562 2062 596 2112 et
621 2069 689 2110 non
719 2047 758 2110 de
779 2047 860 2110 Fine
877 2048 1135 2136 pulcherrimum

60 2153 142 2219 illud
158 2177 241 2244 opus
257 2154 424 2242 inscripsit
432 2184 456 2216 ι.

103 2263 165 2325 Ass
188 2261 282 2325 aliam
308 2260 399 2324 litem
427 2257 530 2322 morit
552 2257 579 2322 J.
605 2257 639 2321 C.
662 2256 814 2346 Scaliger,
838 2258 931 2339 cujus
958 2258 1027 2325 lnec
1058 2278 1135 2326 sunt

62 2367 158 2431 verba
176 2365 223 2454 (Δ)
239 2389 246 2431 :
265 2396 278 2421 ι
293 2363 408 2429 Omnis
427 2361 500 2427 finis
522 2378 570 2426 est
589 2362 623 2425 in
639 2383 756 2451 genere
775 2363 952 2428 bonorum.
972 2366 1134 2447 Quocirca

61 2494 127 2535 non
147 2470 258 2536 decuit
271 2468 318 2536 M.
330 2468 474 2533 Tullium
490 2489 606 2531 vocem
627 2467 712 2530 hanc
729 2483 795 2531 tarn
814 2467 855 2532 ad
877 2469 961 2533 mala
978 2494 1076 2558 quarn
1092 2470 1133 2536 ad

63 2576 149 2642 bona
166 2576 314 2642 retulisse
330 2576 363 2639 in
382 2597 518 2647 suorum
539 2573 699 2637 librorum
727 2572 939 2661 inscriptione
953 2607 975 2640 ι.
995 2574 1134 2659 Verum,

64 2701 98 2748 nt
128 2684 231 2748 libere
257 2681 379 2762 dicam,
407 2697 477 2745 toto
509 2681 586 2744 caelo
616 2697 701 2743 errat
729 2680 778 2744 vir
805 2681 1028 2765 acutissimus,
1052 2682 1132 2749 dum

64 2813 168 2879 neque
188 2790 270 2865 vim,
289 2811 387 2876 quam
405 2788 481 2850 Fini
497 2786 611 2850 tribuit
628 2786 757 2866 Cicero,
781 2809 954 2850 recusum
974 2789 1129 2876 loquendi

65 2897 137 2960 satis
159 2892 307 2958 attendit.
333 2893 416 2956 Nam
438 2891 598 2955 vocabulo
616 2889 705 2952 Finis
721 2902 748 2952 τὸ
762 2893 787 2952 οὗ
803 2902 873 2952 truse
891 2912 958 2953 non
973 2891 1131 2979 significa·

66 3017 137 3063 tur:
167 2997 201 3061 id
218 2998 305 3061 enim
328 3011 413 3060 certe
436 2995 488 3058 vel
508 3011 573 3075 est,
599 2994 650 3057 vel
668 2993 797 3057 videtur
814 2994 1046 3077 essebonum,
1072 3020 1132 3062 nec

65 3105 213 3169 humanae
229 3118 351 3166 naturte
365 3101 535 3182 convenit,
554 3116 677 3162 utrem
694 3100 872 3186 quamlibet
889 3115 959 3163 tum
977 3104 1132 3190 temporis

67 3227 253 3301 appetamus
270 3225 303 3273 et
315 3209 472 3296 consequi
489 3208 642 3287 nitamur,
652 3229 755 3292 quum
773 3208 845 3297 plus
863 3230 933 3270 eam
948 3206 1131 3273 detrimenti

69 3319 113 3380 vel
122 3310 654 3400 incommodi‚quamjucunditatis
665 3328 721 3373 aut
733 3312 944 3375 emolumenti
956 3313 1131 3378 nobisalla·

70 3437 169 3485 turam
185 3441 385 3483 censeamus.
393 3422 631 3496 Τοῡγὰρδοκοῡντος
643 3419 704 3477 εἶναι
713 3426 803 3495 ἀγαθοῦ
815 3426 884 3496 χάριν
897 3426 982 3478 πάντα
995 3429 1132 3499 πράττουσι

71 3540 170 3610 πάντας,
187 3543 226 3590 ιιι
244 3524 321 3590 olim
336 3523 416 3587 dixit
430 3519 618 3588 Aristoteles
636 3519 692 3606 (5).
703 3520 823 3584 Noster
840 3538 944 3604 certe,
955 3522 1044 3610 qnod
1059 3547 1132 3612 pas·

103 3753 136 3815 (r)
154 3750 283 3815 Diuquisit.
295 3751 307 3796 1
320 3751 346 3797 in
357 3748 435 3796 libros
444 3747 570 3798 Ciceronis
578 3744 608 3792 de
624 3743 700 3793 offic.

104 3841 137 3901 (a)
155 3840 196 3888 nd
210 3838 351 3902 Calosgnini
362 3837 491 3900 Diequisit.
504 3836 534 3895 1,
551 3850 607 3899 pag.
621 3835 680 3881 186.

104 3929 137 3990 (3)
155 3927 185 3974 ld
198 3927 250 3991 ipse
263 3926 350 3974 Cicero
364 3934 474 3977 testatur,
488 3923 540 3970 tin.
553 3923 579 3982 Ι,
594 3929 619 3976 4.

106 4016 138 4077 (4)
152 4018 190 4064 De
207 4014 297 4064 Subtil.
312 4016 398 4062 Exere
410 4013 485 4071 CCL,
497 4026 553 4075 paq.
566 4007 805 4070 726,ed.w0els01.

106 4103 139 4164 (5)
156 4103 229 4152 Polit.
244 4105 272 4159 l,
288 4118 311 4149 r.
322 4101 386 4148 Vide
401 4101 434 4147 sis
446 4111 470 4147 et
485 4098 562 4147 llthic.
575 4097 673 4145 nicom.
685 4096 727 4144 lib.
737 4098 760 4154 l,
776 4111 848 4159 capp.
863 4112 884 4153 r,
895 4099 921 4156 4,

958 4208 990 4250 Ἀ.
