2656 4792
118 361 139 429 8
379 361 446 430 JO.
473 363 593 431 AUG.
621 363 908 433 GOERENZII

114 485 236 564 Bruto,
262 482 315 546 eui
336 483 482 571 inscripti
508 499 603 563 sunt,
629 481 847 565 traderentur,
869 486 930 549 sibi
957 486 1188 576 descripserint

114 587 191 678 (vid.
203 590 271 653 An.
289 589 384 669 XIll,
399 612 449 676 ep.
471 610 508 650 21
525 604 558 651 et
574 586 641 674 aa).
658 589 769 676 anue
786 590 855 676 ipsa
873 614 967 654 causa
985 592 1066 674 luit,
1086 619 1187 682 quare

114 711 229 758 auctor
251 694 284 757 in
302 695 419 782 quinto
437 692 521 755 libro
542 693 633 779 plura
656 706 814 774 mutaret,
834 712 872 758 ut
894 696 948 759 bic
971 697 1053 761 liber
1075 698 1185 764 denuo

115 799 220 864 editus
237 798 417 877 rideretur,
437 798 647 885 Atticumque
668 799 792 863 urbane
811 819 977 884 moneret,
1002 827 1045 867 ne
1068 806 1184 893 reliqui

114 923 189 970 ante
202 914 331 992 tempus
343 904 378 966 in
389 925 503 966 manus
517 905 688 969 hominum
702 906 867 987 venirent,
883 907 944 971 nisi
957 909 1090 974 eosdem
1104 935 1184 998 quo·

85 1039 87 1042 ·
110 1037 180 1101 que
197 1027 353 1092 mutatos,
371 1010 594 1100 reliquamque
612 1013 818 1076 librariorum
842 1015 943 1102 ipsius
961 1039 1094 1103 operam
1110 1042 1183 1107 per·

113 1119 215 1184 ditam
229 1114 334 1179 vellet.
347 1115 397 1181 cf.
412 1116 490 1180 ibid.
509 1140 559 1205 ep.
579 1140 616 1182 ar
634 1141 642 1182 :
661 1118 818 1206 «Scripsit
831 1119 949 1183 Balbus
968 1119 1008 1184 ad
1027 1145 1098 1204 me,
1117 1147 1182 1187 sea

115 1241 146 1288 te
163 1221 314 1309 quintum
327 1219 367 1284 de
377 1222 511 1284 Finibus
521 1222 642 1286 librum
654 1221 880 1311 descripsisse:
897 1225 930 1287 in
947 1249 1013 1312 quo
1026 1250 1094 1290 non
1109 1251 1182 1292 sane

113 1328 215 1393 multa
243 1327 384 1403 mutari,
407 1326 464 1390 sed
488 1344 594 1392 tamen
622 1328 780 1416 quaedam.
806 1330 857 1392 Tu
878 1346 986 1393 autem
1011 1334 1181 1397 commode

113 1433 245 1514 feceris,
263 1432 289 1495 si
308 1431 449 1520 reliquos
468 1434 685 1515 continueris,
709 1445 757 1497 ne‘
767 1450 800 1497 et
818 1439 955 1514 ἀδιόρθωτα
977 1435 1096 1501 babeat
1112 1439 1180 1503 Bal·

114 1542 196 1624 bus,
212 1557 245 1604 et
261 1543 455 1605 terebratus
470 1573 494 1606 ι.
508 1543 556 1606 Ex
572 1565 636 1630 qua
651 1550 789 1628 utraque
806 1542 905 1606 veluti
918 1542 1179 1610 editione'ertem·

112 1648 211 1737 plaria
238 1665 413 1738 propagata
433 1647 586 1712 videntur
606 1672 615 1712 ε
640 1649 684 1712 ita
702 1648 796 1713 nobis
822 1648 974 1736 quidem,
991 1669 1109 1738 praeter
1123 1654 1178 1716 alia

114 1776 186 1843 quae
203 1755 238 1817 in
257 1752 465 1817 adnotatione
482 1751 522 1815 ad
541 1752 630 1815 hunc
647 1752 766 1815 librum
787 1753 970 1842 tetigimus,
988 1756 1104 1819 miram
1121 1757 1178 1821 loci

112 1859 198 1928 illius
219 1858 263 1945 (c.
283 1858 320 1939 8,
340 1857 399 1944 21)
419 1857 701 1944 interpolationem
728 1858 802 1921 satis
823 1873 897 1945 apte
918 1859 1068 1946 explicari
1090 1885 1178 1949 posse

113 1966 334 2030 indicarimus.
349 1963 451 2028 Simili
468 1979 554 2027 certe
569 1963 695 2027 ratione
706 1964 814 2052 priora
829 1963 1017 2029 Academica
1030 1966 1064 2029 in
1080 1968 1178 2055 publi·

113 2098 188 2140 cum
207 2073 327 2161 elapsa,
345 2094 526 2157 eorumque
544 2071 589 2135 sic
605 2072 741 2134 alterum
758 2071 876 2134 librum
894 2071 936 2135 ad
951 2088 1060 2136 nostra
1079 2098 1177 2162 usque

112 2198 261 2269 tempora
285 2192 445 2242 servatum
468 2198 555 2256 esse,
578 2176 612 2237 in
633 2198 745 2239 eorum
765 2176 1007 2241 introductione
1031 2179 1177 2245 vidimus.

112 2286 235 2352 Traditi
261 2300 368 2348 autem
394 2285 494 2346 bruto
514 2281 547 2343 hi
566 2281 668 2344 nostri
686 2279 779 2361 libri,
799 2281 833 2346 id
851 2299 917 2362 est,
935 2306 1009 2347 vere
1032 2287 1177 2373 justeque

116 2391 214 2471 editi,
233 2390 380 2477 proxime
399 2402 472 2449 ante
490 2385 563 2449 idus
583 2385 710 2450 sextiles
735 2387 887 2451 videntur
902 2412 910 2452 :
928 2405 997 2452 tum
1016 2393 1104 2455 enim
1131 2394 1177 2456 ille

113 2519 189 2561 cum
200 2494 307 2558 Tullio
319 2494 351 2556 in
367 2491 465 2570 hujus
478 2491 662 2555 Tusculano
678 2492 740 2556 l'uit
755 2493 809 2579 (cl.
823 2492 902 2556 ibid.
920 2518 969 2581 ep.
987 2496 1057 2577 45);
1075 2521 1178 2587 neque

112 2619 223 2692 postea
236 2599 390 2687 temporis
408 2599 470 2661 ulla
488 2621 601 2662 eorum
618 2596 659 2661 ad
674 2600 817 2663 Atticum
833 2601 953 2663 mentio
969 2602 1120 2681 injicitur.
1135 2605 1177 2666 lta

112 2706 250 2772 absoluti
270 2702 402 2793 quidem
423 2703 494 2766 libri
516 2701 556 2766 de
574 2702 710 2767 Finibus
732 2704 822 2791 prius
844 2722 937 2784 sunt,
956 2729 1054 2792 quam
1072 2726 1177 2796 poste·

113 2815 197 2878 riora
215 2811 409 2877 Academica
420 2825 522 2896 coepta
537 2832 545 2872 :
562 2808 618 2871 sed
635 2811 745 2896 paucis
765 2809 879 2872 diebus
897 2827 982 2896 post,
1000 2835 1098 2898 quam
1113 2815 1177 2878 baec

112 2922 152 2986 ab
169 2922 276 2984 Attico
289 2918 427 2982 Varroni
445 2915 648 2979 traderentur
663 2915 722 3003 (cf.
739 2916 818 2980 ibid.
837 2939 887 3004 ep.
909 2916 988 3005 37),
1009 2920 1043 2980 in
1065 2944 1177 2985 manus

111 3030 202 3092 Bruti
218 3041 388 3090 venerunt.
494 3028 506 3064 ⁴

155 3135 233 3196 Haec
246 3132 287 3195 de
300 3131 419 3194 horum
435 3129 593 3192 librorum
611 3127 786 3215 scriptione
804 3128 1011 3215 editioneque
1030 3132 1176 3218 expedire

111 3239 206 3302 nobis
222 3238 327 3313 licuit.
341 3238 409 3299 Jam
432 3233 472 3297 de
489 3256 529 3296 eo
546 3256 679 3319 quoque
696 3249 841 3321 tempore
860 3232 1091 3320 quaerendum,
1114 3260 1176 3323 quo

111 3366 277 3408 sermones
299 3343 420 3428 quique
443 3362 557 3403 eorum
581 3339 683 3401 habiti
706 3339 883 3427 finguntur.
904 3341 983 3403 Tres
1004 3357 1113 3403 autem
1130 3343 1176 3405 his

110 3451 257 3538 quinque
285 3447 373 3510 libris
399 3467 563 3509 sermones
593 3465 668 3507 vere
693 3443 809 3507 diversi
839 3444 1176 3531 comprehenduntur,

110 3579 213 3643 quum
231 3551 376 3617 secundo
393 3568 425 3614 et
442 3566 557 3637 quarto
575 3550 657 3613 libro
674 3548 718 3612 illi
733 3550 1003 3636 precedentium,
1021 3554 1175 3615 sententia

110 3659 221 3724 eadem
241 3659 274 3720 in
294 3679 428 3720 examen
446 3655 576 3735 iocata,
597 3651 697 3716 modo
716 3656 967 3733 continuentur,
986 3655 1048 3717 loci
1066 3657 1176 3726 etiam.

110 3764 282 3852 temporis,
304 3778 336 3825 et
354 3762 552 3848 reliquarum
568 3765 861 3839 transportaneorum
883 3760 964 3822 ratio
983 3758 1094 3824 eadem
1114 3763 1177 3850 ipsa

109 3871 264 3933 obtineat.
284 3869 426 3954 Tempus
450 3881 559 3928 autem
584 3864 615 3926 in
642 3887 681 3928 eo
700 3886 876 3927 commune
902 3864 1022 3927 habent
1046 3870 1176 3946 om'nes,

109 3975 199 4064 quod
220 3991 295 4038 ante
317 3974 410 4037 civile
429 3970 551 4035 bellum
577 3970 715 4034 instituti
739 3993 808 4034 esse
832 3969 967 4058 putandi
990 3970 1082 4035 sint:
1109 3990 1177 4060 quae

106 4084 194 4153 enirn
211 4104 357 4171 personae
373 4094 488 4168 praeter
502 4079 610 4167 ipsum
625 4077 786 4166 principes
798 4076 1069 4158 introducuntur,
1081 4078 1116 4142 bi
1131 4078 1176 4145 rol
