2656 4792
143 372 205 440 uu
225 371 313 442 unt.
338 375 441 444 rou.
466 377 524 443 ΕΤ
549 376 658 444 unu.
686 378 722 461 1,
743 373 775 444 3.
949 375 993 470 37

94 498 301 590 Quamquam
326 499 354 565 si
377 497 483 594 plane
501 497 551 566 sic
570 506 768 567 verterem¹
786 499 993 585 Platonem,
1014 533 1030 583 7

94 604 267 688 itotelem,
290 621 331 676 ut
352 621 539 678 verterunt
559 609 674 678 nostri
698 622 815 706 poetae
839 606 995 697 fabulas,

94 713 190 799 redo,
212 737 370 785 mererer
387 714 434 785 de
458 717 549 786 meis
576 715 734 799 civibus,
754 720 782 787 si
802 717 847 788 ad
869 743 994 788 eorum

93 848 175 895 nem
204 823 324 894 divina
352 824 410 896 illa
432 828 575 922 ingenia
594 824 836 897 transferrem.
866 827 935 899 Sed
959 828 996 898 id

94 935 139 1003 eci
158 931 315 1019 adhuc²,
336 958 404 1004 nec
427 934 514 1005 mihi
537 948 675 1021 tamen,
697 960 743 1006 ne
765 934 912 1021 faciam,
939 940 997 1007 in-

94 1066 124 1112 m
134 1055 236 1140 puto.
255 1047 373 1115 Locos
386 1042 533 1140 quidem
548 1043 743 1141 quosdam,
761 1046 791 1116 si
804 1045 997 1128 videbitur,

94 1176 161 1237 am,
183 1167 218 1223 et
232 1155 387 1222 maxime
401 1151 447 1223 ab
462 1154 521 1240 iis,
541 1178 634 1250 quos
648 1151 784 1224 modo³
802 1156 997 1242 nominavi,
1085 1205 1088 1215 -

94 1260 249 1346 reiderit,
264 1275 307 1330 ut
318 1261 353 1332 id
369 1277 452 1359 apte
466 1260 546 1334 fieri
559 1264 672 1358 possit
687 1288 695 1330 :
717 1275 758 1332 ut
777 1261 822 1332 ab
837 1267 998 1335 Homero

113 1368 276 1441 Afranius
296 1396 316 1441 a
337 1371 538 1443 Menandro
558 1371 684 1443 sotett.
708 1374 781 1442 Nec
802 1370 927 1459 vero⁵,
957 1389 998 1443 ut

94 1482 261 1567 Lucilius,
287 1480 481 1570 recusabo,
510 1507 585 1579 quo
614 1485 734 1552 minus
762 1505 889 1553 omnes
919 1507 998 1554 mea

94 1727 255 1790 Quamquam,
277 1723 300 1772 ai
317 1725 394 1788 plane
408 1722 443 1771 sic
512 1723 548 1772 ’3.
572 1724 653 1772 Modo.
681 1726 780 1787 Ignorat
810 1724 876 1774 oud.
896 1740 928 1784 a,
951 1741 998 1772 nec

102 1839 108 1850 .
127 1804 205 1858 male,
219 1803 308 1859 credo,
330 1818 442 1850 mererer.
486 1802 557 1850 valde
568 1802 753 1851 desiderabitur.
762 1805 795 1851 G.

94 1883 183 1930 roniam
192 1894 256 1929 recte
263 1881 325 1929 vidit
333 1881 443 1929 Matthiae
523 1891 547 1939 4.
561 1881 680 1946 Afranius
689 1899 706 1928 er
721 1883 786 1930 tren.
798 1881 865 1929 solet.
892 1884 920 1928 ln
940 1883 998 1929 Rre-

94 1959 192 2024 ilologg.
206 1960 256 2007 vol.
270 1962 307 2017 11,
326 1963 391 2008 Part.
413 1976 443 2017 a,
486 1961 566 2007 ruiana
601 1961 790 2025 transponitur,
813 1977 831 2006 n
862 1962 998 2008 Menandro

94 2039 180 2087 tollatis
199 2038 334 2103 exemplis,
356 2038 443 2102 quibus
487 2039 625 2104 Afranius,
648 2038 691 2087 aed
708 2049 791 2086 contra
806 2054 890 2086 omnea
901 2049 925 2085 et
939 2042 998 2087 acri·
1053 2025 1057 2031 ¹

94 2120 274 2181 eaervit,quae
288 2118 378 2182 ubique
387 2128 444 2165 aunt
486 2128 543 2182 ptoa
561 2131 586 2166 et
601 2129 669 2166 vetur
689 2120 834 2182 impreaaoa,
863 2117 997 2182 ordineque

94 2215 135 2247 na.
158 2197 278 2256 Accedit,
301 2197 369 2260 qnod
389 2208 444 2244 aute
487 2196 997 2249 reredeteriore.G.-·'l'atnlelixlneratin

94 2276 138 2322 rin
152 2283 164 2330 t
178 2277 236 2322 meir
245 2290 272 2321 se
280 2275 444 2338 praemittitur,
487 2277 608 2325 vertendia
619 2275 749 2324 Menandri
763 2275 850 2322 fabalia
865 2275 999 2335 Afraniua,

94 2354 157 2402 ilicet
178 2354 300 2417 corrumpi
316 2352 390 2411 colen
416 2363 444 2400 nt
486 2365 514 2403 ut
524 2355 555 2403 de
565 2371 595 2403 eo
605 2355 671 2403 dieat
682 2357 768 2402 Horat.
781 2355 858 2417 Epist.
867 2356 900 2411 ll,
911 2370 933 2413 a,
945 2355 977 2416 57
990 2371 996 2404 :

98 2444 140 2481 ant
162 2433 300 2480 addendum
319 2433 375 2489 cit,
401 2441 443 2479 aut
485 2434 603 2482 «Dicitur
614 2434 700 2483 Afrani
714 2445 769 2497 toga
787 2435 929 2482 convenisse
942 2436 996 2481 Me·

94 2512 123 2560 rel
133 2512 224 2559 acribus
235 2512 336 2559 ironiam
345 2510 442 2560 ridicae.
486 2513 580 2561 nandro
605 2536 628 2562 ι.
648 2513 770 2561 Laudatur
782 2514 855 2560 etiam
875 2529 889 2559 a
911 2513 997 2575 Quint.

117 2592 234 2639 rationem
258 2590 443 2654 amplectimur,
486 2597 548 2640 [nat.
559 2594 593 2641 x.
605 2594 708 2642 Coerna
723 2592 769 2638 t'uit
783 2590 898 2638 Terentii.

94 2669 146 2718 illua
163 2670 234 2717 nobia
251 2672 357 2717 unctoria
375 2669 444 2716 locun
522 2672 547 2719 5.
561 2670 612 2717 Nee
625 2687 697 2718 vero.
715 2671 804 2733 Magna
818 2685 874 2734 para
885 2669 960 2718 codd.
972 2683 998 2718 et

94 2748 121 2796 bi
134 2760 237 2812 utraque
251 2764 300 2796 rox
313 2748 385 2796 eiurnl
395 2764 444 2812 po·
486 2761 594 2798 veterum
605 2749 726 2798 editorum
736 2765 781 2796 nec
794 2748 856 2795 enim
871 2747 996 2796 exhibent.

111 2828 169 2876 Non
188 2829 249 2876 bene
271 2829 345 2892 igitur
364 2827 443 2874 Bremi
486 2828 655 2875 liaconairnili
669 2826 781 2875 videlicet
795 2828 919 2890 utriunque
930 2843 996 2873 cona·

94 2905 143 2953 uu.
166 2906 255 2970 quibua
276 2923 301 2953 ae
323 2908 395 2953 ctiam
412 2908 441 2954 P.
486 2906 586 2971 pendio.
608 2905 714 2969 Vulgata
740 2905 847 2969 praeferri
875 2915 998 2962 meretur,

96 3019 104 3043 ,
124 2997 246 3033 nonanta
268 2986 332 3033 male
350 2984 442 3032 intulit.
487 2985 578 3049 quippe
598 2984 624 3031 in
645 2999 693 3047 qna
710 2983 854 3031 araeveratio
875 2984 907 3031 ait
927 2999 997 3045 aper·

94 3062 141 3111 lena
151 3062 182 3110 ab
201 3065 226 3113 b.
245 3065 261 3111 l.
279 3064 380 3112 ironiam
396 3074 444 3110 taan
487 3063 559 3111 tior:
582 3061 646 3109 emin
663 3073 762 3117 contra,
776 3061 845 3123 relai
858 3073 996 3115 aeteram,

95 3151 135 3200 et,
143 3159 243 3206 pmraua
252 3142 313 3190 nibil
324 3142 442 3190 ridemur.
487 3157 580 3206 aenaper
602 3156 697 3188 canaam
712 3140 823 3200 indicat3
850 3156 905 3203 qua
932 3139 957 3186 h.
979 3140 994 3187 l.

113 3231 191 3268 antem
210 3231 267 3268 aunt
280 3220 444 3284 optatirornm
488 3220 553 3271 nulla
566 3220 689 3285 precedit.
714 3222 743 3266 ln
766 3218 884 3283 proximia
903 3228 996 3284 spectat

94 3314 133 3347 >co
145 3298 289 3362 accipiendi.
297 3325 332 3335 —
342 3299 404 3346 Illa.
415 3334 420 3345 .
432 3333 439 3347 .
486 3310 572 3349 auctor
584 3299 654 3347 illum
672 3297 759 3346 Lucilii
780 3296 880 3373 locup,
897 3314 928 3345 ex
946 3314 996 3362 qno

94 3413 99 3425 .
115 3376 257 3442 lianrferre
269 3394 299 3424 ea
317 3379 446 3442 peregrina
486 3395 551 3428 nnua
563 3377 603 3425 bic
620 3392 701 3424 verane
722 3385 850 3440 anpereat,
865 3397 877 3420 ι
889 3377 996 3424 Peraiurn

94 3457 158 3505 »toria
176 3455 314 3518 ingenium,
339 3466 375 3503 eat
393 3473 445 3503 ver·
487 3472 610 3507 noncuro
626 3457 635 3516 (
649 3455 825 3522 mea)legere;
839 3454 937 3503 balium
950 3459 997 3504 De·

94 3535 130 3583 bo
147 3535 328 3596 vertere,nihil
351 3536 381 3584 de
399 3550 444 3583 ano
488 3534 576 3582 cimnm
599 3535 682 3582 volo-
703 3551 709 3582 z
730 3549 802 3597 quern
818 3532 874 3582 vide
892 3535 923 3583 ab
940 3537 996 3599 ipao

94 3614 158 3663 dete.
487 3623 675 3661 commentatum
695 3614 763 3661 Orat.
782 3613 870 3671 11,o,
896 3614 941 3663 25.
964 3615 996 3661 0.

94 3693 110 3741 1
120 3690 260 3757 nequefeci
277 3692 365 3741 adlatae.
383 3696 443 3743 Cre·
486 3719 522 3727 —
540 3692 646 3740 Lucilina
661 3707 735 3755 eqnea
756 3692 880 3740 Romanna
902 3693 997 3756 primur

108 3787 159 3819 uon
180 3788 262 3818 verum
281 3788 352 3832 eaae,
374 3773 443 3821 Cice·
486 3773 571 3819 Rornae
582 3782 675 3836 aatyraa
685 3771 794 3834 acripait,
808 3770 897 3834 dequo
909 3773 995 3821 Horat.

94 3853 141 3900 >nia
163 3853 316 3915 Protagoram
340 3853 444 3916 presaina
488 3851 644 3911 aat.1,lib.
664 3852 690 3909 1,
705 3851 761 3914 egit.
778 3850 838 3899 Vid.
864 3850 996 3913 fragmenta

94 3930 446 3996 ninOEconomicoetJimoeo
490 3929 577 3978 Lucilii
596 3929 697 3978 collecta
715 3945 730 3979 a
751 3931 879 3979 Franciaco
898 3931 997 3993 Donaa,

94 4022 158 4059 aatua
173 4021 223 4070 eat,
245 4020 272 4058 nt
291 4025 375 4059 eorum
396 4011 445 4059 l'ra·
488 4025 545 4076 pag.
557 4011 633 4059 13.J.
644 4005 855 4060 V.L.-Lneilii
863 4009 997 4073 fragmenta

94 4101 145 4140 ant.
155 4090 185 4137 G.
490 4091 598 4138 invenies
610 4089 635 4136 in
649 4098 732 4138 noatra
745 4089 819 4137 Peraii
829 4087 944 4137 aditione.
