2656 4792
455 383 728 453 rnnramo.
1096 385 1132 480 xj

55 516 192 588 Davisii
223 512 433 613 praelatione
457 540 714 615 excerpemus,
734 516 871 615 quibus
897 518 1009 591 libros
1040 544 1135 616 quos

56 642 241 739 pmcipue
263 653 441 737 sequutus
462 655 534 725 est,
559 655 595 712 et
613 665 709 738 quos
729 666 806 713 non
827 643 896 713 nisi
916 667 981 738 per
995 641 1135 715 brevis·

57 766 148 837 sima
165 762 384 861 compendia
402 762 583 861 designat,
598 765 677 863 ipse
691 765 742 836 sic
757 762 947 836 describit:

105 919 123 952 «ι
137 892 188 959 Ut
201 887 239 958 hi
256 885 342 958 libri
352 889 553 976 Ciceronis,
564 902 745 985 quantum
764 913 844 959 mea
862 912 949 959 cura
966 902 1135 987 praestare

57 1014 182 1112 potuit
192 1065 203 1098 ,
215 1009 480 1084 emendatiores
497 1011 706 1110 prodirent;
722 1026 854 1110 praeter
869 1011 1030 1097 codices,
1042 1036 1136 1109 quos

57 1134 255 1207 laudarunt
272 1133 353 1224 alii,
375 1149 581 1233 praeterque
600 1137 827 1233 conjecturas
846 1163 890 1207 ex
906 1138 1055 1235 ingenio
1075 1164 1138 1209 na·

60 1276 134 1346 tas,
146 1255 377 1354 adjutoribus
390 1273 475 1331 octo
486 1262 573 1331 MSS
590 1261 646 1331 usi
664 1284 807 1348 sumus,
824 1258 1028 1332 Eliensibus
1047 1260 1137 1333 duo·

59 1382 150 1469 bus,
171 1381 398 1470 Balliolensi,
419 1381 612 1454 Meadiano
628 1385 704 1478 (1),
729 1384 895 1455 Parisinis
920 1383 1053 1469 tribus,
1076 1409 1137 1456 eo·

62 1529 136 1603 que
146 1527 257 1603 quem
272 1519 389 1577 servat
403 1504 554 1602 Collegii
565 1506 737 1603 Corporis
749 1504 960 1598 Christilsl,
971 1504 1073 1602 quod
1086 1519 1139 1576 est
1244 1484 1247 1493 ¹

60 1625 314 1726 Cantabrigiae‚
330 1625 564 1700 Bibliotheca.
580 1631 680 1720 Quin
698 1645 734 1700 et
750 1628 928 1701 editiones
943 1629 1139 1724 nonnullas

60 1751 333 1838 consuluimus,
356 1753 533 1823 Venetam
548 1752 700 1825 scilicet
737 1756 848 1849 1471,
883 1752 1137 1835 Ascensianam

67 1874 179 1963 1511,
206 1856 405 1973 prasertim
429 1889 551 1946 autem
572 1874 817 1947 Victorianam
844 1871 936 1945 Rob.
964 1871 1140 1971 Stephani

67 1997 182 2072 1538:
203 2022 286 2069 nam
307 2013 446 2071 ceteras
469 1999 582 2096 magis
605 1998 817 2096 proletarias
835 1995 934 2067 haud
953 2019 1140 2081 memoro;

61 2123 190 2222 quales
216 2138 302 2194 sunt
328 2146 420 2220 quas
444 2136 619 2193 curarunt
644 2127 683 2192 P.
704 2123 907 2205 Manutius,
934 2123 979 2190 Ι).
996 2118 1140 2190 Lambi-

63 2273 153 2338 nus,
172 2253 203 2320 J.
219 2252 267 2318 M.
283 2252 437 2335 Brutus,
461 2246 573 2319 Aldus
594 2271 727 2345 nepos,
760 2260 796 2316 et
816 2250 927 2316 lanus
949 2246 1138 2315 Gruterus.

62 2372 168 2444 Illam
185 2396 273 2443 vero
297 2397 380 2469 quae
402 2375 552 2444 Lutetiae
574 2396 659 2442 cnm
680 2370 950 2442 Commentario
970 2366 1143 2459 Gulielmi

62 2496 208 2569 Morelii
233 2495 368 2595 prodiit
386 2523 471 2569 ann.
492 2500 536 2567 Ι).
559 2494 648 2582 1545
662 2495 733 2590 (3),
751 2495 873 2566 nullus
891 2493 983 2581 vidi,
1002 2493 1086 2566 licet
1109 2496 1140 2565 ei

62 2619 316 2720 comparandae
329 2620 521 2718 diligenter
533 2620 735 2692 studuerim
747 2619 811 2716 (4).
829 2624 874 2688 At
892 2623 940 2689 Μ.
952 2622 994 2688 Α.
1006 2620 1139 2689 Mureti

63 2761 188 2831 notas,
221 2768 304 2842 quae
332 2743 524 2842 divulgatae
557 2759 643 2815 sunt
680 2741 890 2841 lngolstadii
924 2741 1033 2827 1602,
1065 2765 1140 2812 non

105 2960 151 3038 (r)
170 2963 262 3019 Suum
279 2959 368 3018 Tullii
388 2959 426 3017 de
450 2958 571 3017 Finibus
592 2959 646 3017 MS
668 2977 782 3017 mecum
808 2956 1032 3015 communicavit
1057 2956 1144 3015 Rich.

64 3064 218 3136 Meadius3
233 3065 431 3123 Parisiuorum
446 3084 516 3122 vero
533 3065 718 3123 collationem
740 3062 940 3142 suppeditavit
960 3067 1045 3121 loan.
1062 3063 1145 3121 Wal-

65 3174 162 3231 lerns.
189 3176 302 3231 Horum
325 3171 629 3249 prestandssimorum
658 3171 787 3228 virorum
812 3169 930 3246 utrique
954 3188 999 3227 me
1023 3170 1144 3228 multum

66 3279 176 3338 debere
190 3297 306 3357 sempor
321 3275 493 3356 profitebor.
511 3283 584 3336 Dav.

107 3386 150 3464 (a)
168 3385 226 3445 Hic
253 3383 329 3442 liber
354 3385 383 3442 in
411 3384 489 3442 notis
515 3383 619 3441 initiali
648 3382 730 3440 litera
757 3396 801 3440 tor
831 3382 955 3460 repetita
979 3382 1147 3459 designatur

68 3496 128 3552 sic:
142 3495 223 3552 CCC.
252 3495 306 3550 En.

109 3600 152 3679 (3)
173 3604 292 3657 Annum
320 3597 397 3666 1546
417 3596 505 3675 hujus
528 3595 664 3654 editionis
688 3597 814 3654 natalem
841 3596 909 3654 lecit
933 3596 975 3656 Cl.
999 3594 1148 3654 Fabricius

72 3705 142 3767 bibl.
159 3703 256 3766 Latin.
272 3707 304 3774 1,
326 3703 355 3760 8.
377 3706 439 3781 Ego
456 3717 551 3761 tamen
568 3706 632 3780 AEg.
648 3702 815 3780 Menagium
830 3721 947 3780 sequor,
965 3702 1017 3780 qni
1035 3702 1072 3760 dc
1088 3708 1148 3761 Gu-

74 3813 167 3870 lielmo
182 3809 308 3869 Morelio
323 3828 381 3866 non
395 3827 489 3887 pauca
510 3807 585 3865 dixit
604 3807 815 3866 Anti-Baiuleti
832 3813 909 3866 Part.
925 3811 957 3879 l,
980 3808 1148 3879 §vattt

74 3938 135 3997 pag.
152 3918 210 3975 2²6
229 3935 310 3993 seqq.
325 3935 463 3993 cumque,
481 3915 502 3971 si
518 3912 614 3984 lubet,
633 3913 708 3971 vide.
732 3920 803 3971 [liv.

112 4024 153 4102 (l)
175 4028 239 4082 Nos
256 4042 329 4079 vero
351 4021 475 4099 optimas
492 4020 610 4080 Morelii
629 4034 734 4089 notas,
756 4020 793 4078 ab
814 4021 931 4079 illiveto
950 4023 978 4078 in
999 4042 1052 4079 sno
1066 4025 1150 4080 Coni-

79 4128 283 4190 mentariorum
296 4126 410 4186 delectu
427 4125 604 4203 exscriptas,
620 4127 808 4184 servavimus.
827 4128 880 4183 En.
