2656 4792
224 389 264 435 10
492 367 562 435 JO.
586 367 705 434 AUG.
731 365 1014 434 GOERENle

216 504 332 552 auctor
353 509 457 550 unum
481 487 583 551 modo
604 485 807 574 dialogorum
832 508 935 574 genus
958 501 1071 549 notare
1091 487 1207 565 vellet,
1225 487 1290 567 ejus

215 593 289 657 loco
304 592 392 657 haud
411 591 510 657 dubie
528 605 545 655 l
561 593 748 680 scripsisset
768 591 861 656 Adde
878 593 963 672 huc,
981 590 1071 678 quod
1087 593 1211 656 rectius
1224 594 1288 656 for·

216 713 299 762 tasse
312 699 413 763 altero
426 696 524 760 Tullii
538 695 611 759 loco
627 696 745 778 verba,
759 695 944 760 Aristoteleo
959 719 1064 777 more,
1082 718 1151 760 non
1167 713 1234 761 tam
1249 698 1285 761 ad

216 802 420 893 dialogorum
432 824 604 890 personas,
618 820 650 866 et
659 804 815 891 reliquam
829 801 947 890 dialogi
961 803 1099 866 formam
1110 819 1283 887 externam,

214 930 313 997 quam
323 908 488 973 adrerum
504 909 537 970 in
552 908 590 971 iis
605 924 812 972 tractatarum
828 907 987 972 rationem
1002 923 1034 970 et
1045 908 1129 971 viam
1141 924 1283 996 spectare

153 1053 155 1055 ·
212 1014 359 1078 dixeris:
380 1034 456 1076 nam
481 1034 553 1100 quas
575 1012 759 1095 adduntur,
787 1018 821 1076 in
842 1013 1054 1101 disputatione
1076 1032 1117 1075 ac
1138 1012 1281 1102 dialogo,

213 1119 355 1185 auctoris
371 1140 462 1183 more
478 1141 537 1207 per
553 1131 576 1181 tv
590 1124 635 1182 διὰ
644 1126 713 1183 δυοῖν
728 1142 894 1208 expressa,
906 1119 1097 1207 disputandi
1106 1143 1170 1206 per
1182 1119 1282 1184 dr'erlo·

212 1248 289 1314 gum
306 1228 460 1290 rationem
473 1227 675 1317 significant:
692 1250 735 1292 ne
748 1249 958 1307 moneamus,
972 1228 1079 1308 hunc,
1094 1227 1119 1290 si
1135 1225 1205 1291 duo
1216 1229 1282 1292 imi·

216 1331 346 1395 tationis
372 1353 488 1419 genera
509 1341 631 1420 ponere
648 1333 818 1413 voluisset,
836 1336 961 1419 pariter
976 1354 1033 1412 ac,
1051 1333 1101 1396 vel
1121 1332 1278 1415 similiter,

214 1437 413 1526 scripturum
441 1439 549 1502 fuisse.
581 1437 699 1503 Addita
725 1440 859 1527 insuper
883 1439 935 1501 vel
967 1436 1041 1501 ideo
1068 1438 1164 1501 etiam
1188 1439 1278 1502 verbs

215 1542 405 1606 Antroteloo
431 1565 515 1606 more
540 1546 647 1632 putari
675 1544 820 1632 possint,
845 1567 888 1607 ne
916 1543 977 1607 hac
1005 1543 1040 1606 in
1072 1566 1107 1607 re
1141 1543 1277 1608 Platonis

214 1646 256 1712 ab
287 1644 343 1710 illo
370 1647 622 1712 diversissimum
649 1671 774 1712 morem
800 1670 898 1737 prave
930 1647 1074 1711 imitatus
1101 1647 1276 1728 videretur,
1318 1662 1320 1667 ’

214 1776 320 1844 quum
344 1756 377 1818 in
405 1757 527 1845 reliqua
549 1756 726 1821 disserendi
750 1757 876 1820 ratione
901 1778 993 1844 paene
1015 1772 1105 1820 totus
1129 1756 1171 1820 ad
1197 1757 1275 1820 hunc

214 1883 251 1925 se
278 1862 494 1949 applicasset:
516 1863 580 1926 hoc
610 1879 696 1926 certe
731 1863 863 1925 nomine
889 1862 1034 1924 Tullium
1070 1861 1146 1925 satis
1175 1862 1274 1950 inepte

213 1967 266 2030 vel
289 1966 387 2030 hodie
412 1968 585 2055 vituperari
606 1990 624 2030 a
642 1966 791 2055 pluribus
811 1969 936 2045 solere,
961 1967 1086 2030 nemini
1107 1989 1174 2030 non
1203 1990 1273 2030 con·

212 2088 287 2137 stat.
313 2073 425 2138 Altero
449 2089 579 2155 autem,
605 2094 703 2160 quem
730 2089 922 2154 tractamus,
944 2073 1017 2136 loco
1044 2072 1144 2137 verba
1168 2075 1274 2160 inquo

211 2200 305 2268 oeque
318 2200 386 2243 non
404 2180 592 2243 universum
612 2178 769 2267 Stagirites
789 2180 823 2240 in
842 2176 975 2265 dialogis
999 2200 1143 2258 morem,
1166 2176 1224 2241 sed
1243 2199 1273 2239 er

210 2299 304 2372 parte
320 2283 420 2347 modo
434 2299 633 2371 spectatum,
647 2284 789 2347 indicare
805 2282 978 2347 videntur:
994 2284 1103 2346 valent
1115 2282 1205 2346 enim
1223 2312 1236 2336 ι
1245 2283 1272 2344 in

213 2410 280 2476 quo
305 2410 395 2451 more
412 2388 477 2450 hoc
498 2410 630 2475 quoque
652 2388 755 2470 inest,
772 2403 809 2450 ut
829 2409 956 2468 sermo,
979 2403 1038 2451 etc.
1050 2418 1063 2441 ν
1084 2389 1133 2451 Ita
1150 2385 1273 2475 quidem

213 2494 283 2557 baec
295 2494 365 2556 loca
381 2492 461 2556 nihil
479 2492 565 2556 inter
580 2515 615 2557 se
631 2493 844 2582 pugnabunt3
862 2493 961 2580 idque
980 2494 1080 2581 magis
1096 2510 1167 2557 tum
1184 2513 1273 2581 appa·

211 2598 313 2681 rebit,
328 2600 355 2662 si
371 2598 490 2663 ibidem
509 2617 583 2688 post
596 2623 732 2682 morem,
748 2623 788 2663 ex
804 2600 917 2663 crebra
935 2598 1021 2687 apud
1037 2615 1203 2662 auctorem
1225 2597 1273 2661 de·

211 2704 414 2769 monstrativi
428 2723 502 2769 ante
519 2706 687 2769 relativum
707 2706 899 2785 omissione,
915 2727 985 2767 eum
1002 2704 1170 2794 cogitaris,
1186 2720 1273 2791 atque

211 2809 293 2892 coli,
316 2810 407 2898 quod
432 2812 597 2899 sequitur,
622 2813 694 2875 loco
715 2811 873 2900 virgulam
902 2794 1057 2897 posueris
1082 2809 1183 2890 Quod
1205 2831 1273 2872 vcro

211 2916 296 2998 baec,
311 2917 408 3005 paulo
424 2917 527 2980 fusius
544 2918 708 3004 exposita,
728 2917 964 3003 interimimus,
982 2915 1017 2978 id
1034 2931 1167 2978 eatenus
1186 2937 1274 2979 excu-

210 3037 316 3086 satum
337 3024 508 3101 volumus,
535 3021 644 3109 quoad
666 3044 716 3084 res
733 3021 803 3108 ipsa
824 3020 864 3083 ab
889 3020 937 3083 his
956 3020 1044 3082 libris
1069 3019 1158 3082 haud
1180 3021 1284 3095 aliona¹

208 3125 399 3190 videbatur:
417 3124 474 3189 sed
488 3125 529 3189 ad
543 3140 771 3214 argumentum
787 3126 934 3214 proxime
948 3125 1128 3188 redeamus.
1318 3198 1320 3213 Ι

254 3231 353 3293 Primi
373 3231 474 3319 igitur
491 3229 690 3317 secundique
709 3230 782 3293 libri
801 3252 907 3293 sermo
924 3231 957 3292 in
978 3249 1100 3293 annum
1119 3230 1185 3316 703
1201 3252 1276 3294 con·
1318 3236 1320 3281 f

209 3335 362 3401 ferendus
378 3353 442 3418 est,
458 3353 490 3399 et
509 3334 640 3423 quidem
659 3337 693 3398 in
711 3336 809 3415 hujus
827 3336 958 3398 exitum.
976 3337 1011 3399 L.
1031 3336 1117 3398 enim
1133 3337 1276 3423 Torqua·

211 3452 281 3523 tus,
297 3441 372 3529 qui,
391 3443 512 3530 pariter
531 3458 628 3528 atque
646 3443 682 3505 C.
699 3441 863 3521 Triarius,
879 3441 914 3503 in
931 3441 1002 3528 ipso
1019 3441 1102 3502 civili
1120 3440 1208 3504 bello
1226 3463 1276 3503 oc·

210 3545 326 3612 cubuit
339 3545 424 3632 (vid.
437 3546 478 3610 ad
496 3548 522 3627 l,
541 3546 571 3627 ὅ,
590 3547 658 3633 13),
673 3563 710 3610 ut
727 3561 846 3634 praetor
864 3544 1050 3634 designatus
1069 3548 1276 3633 proponitur,

208 3669 382 3743 praeturam
399 3654 488 3716 brevi
506 3653 669 3716 initurus:
685 3676 783 3740 quam
800 3653 853 3715 hic
866 3673 941 3715 vere
955 3652 1052 3740 gessit
1069 3656 1132 3738 704
1147 3653 1159 3739 (
1168 3655 1210 3716 cf.
1228 3651 1277 3715 Pi·

209 3757 276 3848 ghii
298 3759 428 3823 annales
449 3760 482 3823 h.
499 3782 526 3822 a.
544 3782 576 3847 p.
600 3757 691 3846 435).
713 3758 798 3822 Huic
820 3758 959 3846 tempori
977 3758 1227 3839 convenienter,
1244 3773 1278 3821 ut

209 3864 288 3943 alia,
308 3864 351 3928 ita
368 3881 493 3928 summa
514 3865 678 3952 potentia,
696 3886 759 3951 qua
777 3879 848 3926 tum
870 3863 1008 3926 maxime
1025 3865 1084 3927 Cn.
1105 3863 1277 3950 Pompeius

204 3968 369 4057 pollebat,
384 3982 658 4033 commemoratur
672 3968 725 4054 (cf.
739 3968 792 4048 11,
813 3967 871 4048 18,
892 3967 958 4054 57);
979 3989 1085 4054 neque
1102 3967 1276 4056 quidquam

213 4096 296 4163 opus
315 4090 382 4156 est,
408 4093 446 4140 ut
472 4100 511 4141 eo
534 4077 567 4138 in
591 4077 664 4140 loco
681 4097 757 4138 cum
780 4075 848 4168 aliis
865 4075 914 4139 vel
929 4074 1197 4140 anachronismus
1216 4091 1277 4139 sta·
