2656 4792
119 348 161 418 16
380 347 450 415 JO.
480 347 602 414 AUG.
631 346 912 415 GOERENZII

112 487 249 551 runtur,
265 490 373 558 presse
390 467 431 532 ad
449 492 549 556 graeca
567 467 663 531 verba
679 484 872 532 vertuntur:
890 485 927 531 ut
945 469 978 531 in
996 470 1047 533 his
1066 470 1171 557 Epicu·

111 601 185 641 rum
202 576 308 664 ipsum
334 591 490 663 sequutus
512 573 669 637 videatur.
694 573 828 637 Accedit
850 573 941 662 quod
957 575 992 637 in
1011 598 1051 639 eo
1075 577 1170 664 ipsum

110 683 346 769 Epicureorum
369 699 495 741 morem
518 677 661 740 imitatus
677 700 746 741 esse
770 677 833 742 dici
850 680 968 767 possit,
988 681 1109 769 quippe
1125 682 1171 768 qui

108 789 184 852 istas
199 802 288 850 ratos
300 786 488 865 sententias,
504 800 542 847 ut
556 806 608 847 eas
626 785 694 871 ipse
710 785 959 872 interpretatur,
974 787 1117 851 veritatis
1129 789 1172 851 iu·

111 912 177 959 star
200 894 418 980 suspicerent,
439 890 523 977 ipsas
542 889 739 969 ediscerent,
756 914 866 955 earum
882 892 1006 979 ubique
1019 891 1111 956 velut
1131 894 1173 957 iu·

57 1068 60 1072 A
111 1001 256 1065 dubitata
280 995 467 1059 auctoritate
490 1011 669 1059 uterentur.
693 994 755 1059 Sed
776 1019 815 1059 ex
836 997 899 1060 hoc
922 998 994 1084 ipso
1021 997 1173 1062 incertum

110 1104 322 1189 relinquitur,
336 1123 421 1164 anne
437 1123 477 1163 ex
491 1099 617 1165 Phaedri
635 1102 813 1165 Zenonisve
827 1103 952 1190 scriptis
968 1102 1127 1185 hauserit,
1141 1103 1174 1168 ad

112 1230 252 1298 quorum
279 1207 501 1270 auctoritatem
525 1207 592 1294 ipse
614 1222 768 1294 provocat
792 1207 847 1293 (l,
871 1206 905 1285 5,
934 1208 1017 1296 16);
1034 1209 1174 1297 inprimis

78 1317 81 1321 ’
110 1312 367 1398 Zenonis,quem
385 1311 501 1398 etipse
519 1310 663 1374 audierat
681 1311 734 1396 (cf.
752 1310 862 1400 ibid),
880 1311 1003 1400 quique
1020 1336 1060 1376 ex
1079 1314 1176 1378 Philo

111 1421 181 1499 nis,
199 1417 399 1498 Academici,
422 1416 562 1497 judicio,
584 1417 635 1480 cui
655 1416 780 1480 Tullius
800 1418 978 1504 plurimum
1002 1419 1175 1502 tribuebat,

112 1529 338 1616 Epicureorum
355 1525 541 1612 corypliaeus
556 1541 640 1607 erat3
660 1523 723 1589 vid.
742 1526 784 1589 N.
804 1527 843 1589 D.
860 1527 890 1607 I,
909 1548 967 1602 21,
986 1525 1039 1613 59.
1060 1527 1111 1591 nd
1125 1528 1176 1592 hos

110 1650 197 1699 certe
211 1629 377 1696 referenda
397 1630 565 1711 videntur,
582 1653 653 1717 quse
671 1630 712 1693 ab
729 1630 896 1718 Epicureis
914 1647 989 1719 post
1005 1633 1175 1721 Epicurum

111 1740 144 1802 in
162 1739 258 1818 hujus
274 1736 440 1824 disciplina
455 1750 572 1798 novata
588 1734 758 1814 dicuntur,
775 1738 806 1816 l,
821 1759 862 1821 9,
878 1735 930 1812 31,
947 1753 979 1800 et
994 1760 1056 1814 20,
1072 1739 1126 1803 66.
1141 1744 1177 1804 At

112 1845 195 1908 libro
211 1841 374 1923 secundo,
391 1865 457 1930 quo
471 1841 629 1929 Epicurea
643 1842 801 1905 sententia
817 1844 850 1905 in
864 1841 1025 1921 judicium
1037 1863 1175 1926 vocatur,

113 1949 254 2013 dubitari
267 1949 397 2036 nequit,
411 1947 553 2011 Tullium
571 1969 640 2010 esse
652 1963 818 2010 auctorem
831 1947 1049 2036 Chrysippum
1064 1974 1177 2038 sequu-

114 2075 197 2121 tum.
216 2057 300 2119 Sunt
316 2055 402 2116 enim
419 2076 493 2116 vere
512 2051 729 2141 Chrysippea,
749 2076 821 2140 quae
840 2072 1072 2140 opponuntur,
1090 2075 1128 2121 ut
1149 2059 1176 2119 in

113 2161 272 2227 adnotatis
287 2158 426 2223 subinde
442 2157 639 2222 monuimus.
654 2159 727 2246 lpse
743 2157 795 2221 ille
809 2182 941 2246 quoque
957 2159 1071 2224 decem
1084 2163 1177 2227 libros

114 2278 169 2349 πιρὶ
183 2281 225 2329 τοῦ
240 2281 314 2328 καλοῦ
330 2272 430 2333 καὶτῆς
445 2269 534 2336 ἡδονῆς
558 2262 600 2326 ad
629 2263 903 2327 Aristocreontem
929 2266 1099 2354 scripserat
1131 2269 1177 2355 (cl.

114 2372 298 2448 Inertvll,
318 2368 412 2454 noa),
433 2368 464 2428 in
485 2368 604 2454 quibus
622 2367 813 2454 Epicuream
831 2368 871 2432 de
889 2367 1008 2435 sinibus
1024 2375 1177 2438 rationem

115 2500 189 2541 cum
214 2474 319 2538 Stoica
341 2474 373 2534 in
400 2488 561 2535 certamen
580 2472 735 2548 vocabat,
759 2496 968 2561 quorumque
989 2478 1121 2560 Cicero,
1138 2482 1178 2558 ll,

120 2586 174 2661 ld,
190 2583 250 2659 44,
268 2577 376 2666 paullo
392 2576 561 2640 obscurius
579 2577 775 2640 mentionem
790 2578 910 2659 injicit,
925 2581 970 2644 sic
984 2598 1110 2665 tamen,
1128 2602 1178 2661 ut,

116 2710 189 2750 eum
209 2682 283 2746 inde
300 2705 357 2745 sua
374 2681 551 2762 derivasse,
568 2685 620 2746 vix
641 2683 830 2771 ambiguum
848 2685 899 2749 sit.

160 2791 223 2856 Sed
248 2792 357 2853 minus
382 2791 476 2852 etiam
502 2791 678 2854 obscurum
702 2806 766 2870 est,
787 2791 891 2855 Stoica
918 2815 973 2874 ea,
998 2818 1070 2881 quae
1090 2800 1181 2862 tertio

115 2900 198 2963 libro
215 2912 441 2983 exponuntur,
458 2895 499 2958 ad
513 2895 665 2958 eumdem
682 2894 900 2982 Chrysippum
917 2898 1084 2975 referenda
1100 2927 1180 2983 esse,

116 3005 208 3082 cujus
226 3009 367 3080 περὶτελῶν
387 2999 460 3061 libri
479 3023 497 3062 a
514 2999 623 3062 multis
646 2997 837 3078 laudantur,
863 3024 901 3064 ex
918 3025 1059 3089 quorum
1079 3009 1182 3093 primo

117 3111 227 3173 locum
252 3127 445 3169 conversum
467 3103 574 3185 vides,
593 3102 658 3186 ΙΙΙ,
675 3127 716 3189 9,
736 3105 795 3185 31,
820 3106 860 3168 ad
882 3107 1080 3197 eosdemque
1097 3114 1183 3178 haud

118 3214 216 3278 dubie
234 3235 271 3275 ca
292 3233 424 3297 quoquc
450 3209 620 3298 Chrysippi
644 3211 864 3290 numeranda,
884 3236 956 3300 quae
972 3215 1048 3277 ibid.
1070 3217 1107 3299 5,
1129 3219 1183 3300 163

113 3323 179 3398 td,
193 3318 251 3398 48,
269 3333 328 3379 etc.
344 3339 361 3378 a
376 3315 484 3378 Tullio
501 3312 648 3403 expressa
662 3317 869 3379 contulimus.
882 3319 998 3382 Omnia
1014 3340 1099 3386 certe
1113 3325 1184 3388 libri

120 3425 205 3489 tertii
222 3446 262 3485 ex
276 3439 385 3485 mente
402 3443 438 3483 ac
455 3421 611 3485 sententia
629 3420 812 3508 philosophi
828 3422 945 3504 hujus,
960 3426 993 3488 in
1009 3427 1083 3490 Stoa
1097 3432 1186 3516 prin·

119 3531 215 3618 cipis,
236 3527 385 3605 edisseri,
405 3526 544 3589 subinde
564 3525 604 3589 ud
625 3527 732 3613 ipsum
752 3528 899 3615 clareque
923 3528 1105 3599 docuimus.
1131 3538 1186 3601 His

116 3658 194 3702 vero
223 3634 337 3698 Stoicis
369 3631 521 3722 objicitur
542 3646 656 3720 quarto
684 3633 766 3695 libro
792 3634 981 3700 Academica
1007 3643 1186 3723 sententia,

120 3757 278 3831 quatenus
298 3763 315 3802 a
334 3739 511 3801 Polemone
530 3739 653 3801 exculta
678 3753 726 3801 cst
747 3755 780 3801 et
801 3743 967 3828 perpolita.
993 3746 1187 3811 Accommo·

121 3848 211 3911 darat
239 3862 346 3908 autem
371 3844 484 3906 Ethica
513 3843 778 3908 Academicorum
803 3845 954 3929 Polemo,
979 3851 1187 3936 Xenocratis,

120 3951 262 4041 magistri
279 3948 572 4035 antecessorisque,
592 3950 756 4037 exemplo,
773 3951 817 4013 ita
830 3953 976 4038 proxime
991 3953 1031 4017 ad
1049 3979 1085 4020 ea
1100 3975 1188 4023 vete-

121 4081 194 4123 mm
214 4052 520 4146 Peripateticorum,
539 4071 577 4119 ut
591 4072 729 4143 utraque
745 4057 778 4119 in
796 4057 893 4122 rebus
911 4077 1020 4124 exacte
1037 4067 1189 4129 conveni-
