2656 4792
108 372 169 441 xiv
437 370 567 441 NOVI
598 371 862 442 EDI.TOlllS

109 503 187 576 ullo
207 501 332 575 fructu
348 504 407 576 illa
424 502 675 576 contulimus:
697 528 859 603 namque
875 504 1057 603 quidquid
1082 508 1120 576 in
1142 510 1189 583 eis

109 628 262 724 alicujus
289 642 382 700 esset
406 628 513 725 pretii
535 629 654 700 Daris.
673 641 709 698 et
733 631 834 700 Goer.
854 629 957 701 lucro
978 629 1053 725 jam
1078 654 1189 729 appo·

110 766 269 825 suerent.
285 750 414 845 Majori
429 774 517 821 vero
531 773 618 822 cura
639 749 870 824 conserendae
889 767 993 823 erant
1014 751 1190 824 editiones

109 900 191 975 quae
208 890 291 976 post
305 875 539 946 Goerenzium
554 875 593 945 in
608 874 727 948 lucem
742 875 979 975 prodierunt;
996 879 1138 976 quippe
1153 882 1188 948 in

66 1059 68 1062 .
110 999 246 1099 quibus
267 998 376 1094 hujus
401 1015 438 1070 et
467 1014 672 1072 ceterorum
696 1002 880 1073 sententiae
908 1026 1007 1072 novo
1033 1003 1187 1073 examini

110 1124 256 1220 subjici,
279 1148 421 1196 errores
447 1122 694 1223 deprehendi,
716 1127 827 1197 nimia
848 1125 998 1197 audacia
1021 1131 1189 1225 reprimi,

110 1248 324 1323 omissiones
359 1249 520 1348 suppleri
555 1265 749 1347 poterant;
778 1250 887 1346 hujus
922 1255 1064 1350 generis
1103 1251 1189 1323 duas

109 1385 253 1443 tantum
270 1373 456 1456 novimus,
478 1371 638 1444 Schiitzii
657 1397 790 1472 nempe
803 1390 846 1446 et
860 1378 1031 1448 nostratis
1045 1375 1188 1448 Leclerc

110 1494 245 1567 horum
271 1492 448 1567 librorum
475 1495 672 1588 editiones,
693 1523 777 1596 quae
804 1500 842 1571 iu
871 1524 1000 1570 eorum
1030 1501 1185 1596 generali

110 1618 270 1691 editione
296 1618 470 1718 (Schiitzii
498 1635 587 1693 tom.
616 1625 719 1708 x1113
745 1621 906 1711 Leclerc,
929 1638 1017 1694 tom.
1039 1628 1187 1701 XXVII,

111 1743 168 1817 ed.
193 1744 308 1835 iri-18)
330 1745 577 1816 continentur.
607 1745 678 1818 Sed
703 1748 742 1817 in
769 1747 813 1818 iis
841 1770 970 1846 parum
998 1771 1076 1819 esse
1104 1752 1185 1818 novi

109 1866 298 1940 fatendum
327 1882 401 1956 est,
429 1893 546 1967 quum
571 1869 789 1970 plerumque
819 1877 1050 1970 superiorum
1075 1870 1183 1944 edito

109 2016 192 2064 rum
215 1994 412 2065 sententias
430 2017 630 2091 exponere,
653 1991 890 2083 confirmare,
911 2009 974 2065 aut
994 1991 1181 2077 damnare,

110 2116 210 2189 nulla
226 2115 301 2189 fere
320 2141 391 2189 suae
412 2119 597 2215 opinionis
618 2117 723 2191 allata
743 2142 869 2207 causa,
891 2118 976 2189 satis
993 2116 1164 2189 habeant.

157 2239 360 2314 Nonnullas
387 2241 530 2312 criticas
561 2239 835 2312 observationes
867 2242 1116 2338 excerpsimus
1146 2266 1184 2312 ex

111 2363 154 2435 iis
173 2365 363 2461 perpaucis
380 2387 470 2460 quas
490 2366 533 2433 G.
556 2366 667 2434 Henr.
685 2367 808 2436 Moser
830 2365 868 2436 in
889 2363 1002 2436 libros
1022 2365 1068 2437 de
1092 2367 1182 2436 Fini·

101 2484 182 2585 ‚bus
199 2511 325 2558 recens
349 2487 493 2583 scripsit
514 2486 588 2585 (ι),
613 2490 652 2560 in
679 2487 832 2598 quibus,
853 2491 1019 2587 quamvis
1046 2503 1083 2560 et
1101 2495 1185 2562 Goe-

110 2795 210 2862 qnutae
236 2795 339 2843 essent.
364 2783 479 2843 Etenim
504 2783 726 2843 concedendum
754 2798 798 2842 cst
821 2783 927 2843 editori
950 2785 997 2842 vel
1024 2782 1186 2843 absolutam

108 2889 230 2966 alicujus
250 2887 319 2947 libri
338 2887 496 2948 editionem
516 2888 665 2960 molienti,
685 2902 718 2947 ut
740 2886 884 2946 delectum
909 2887 1041 2947 instituat
1068 2907 1187 2954 corum,

108 3016 174 3076 quae
197 2995 234 3054 ab
257 2992 419 3053 editoribus
440 2993 538 3053 adhuc
559 2994 674 3072 prolata
697 3007 782 3066 suut,
801 2994 956 3053 manifesto
977 2993 1048 3052 falsa
1073 2994 1188 3052 silentio

108 3121 258 3180 premens,
269 3113 339 3158 nota
352 3098 441 3158 hodie
455 3113 485 3158 et
496 3098 533 3157 ab
545 3098 615 3176 ipsis
628 3099 773 3161 tironibus
787 3114 942 3179 perspecta
955 3099 1089 3158 breviter
1101 3104 1188 3160 attin-

109 3228 198 3288 gens:
213 3208 317 3285 longus
331 3219 428 3266 autem
445 3206 484 3264 sit
497 3206 527 3264 in
540 3205 589 3278 iis,
608 3225 674 3283 quae
695 3206 839 3265 hodierna
857 3221 926 3266 aetas
946 3208 1078 3285 quamvis
1100 3209 1189 3267 falsis·

108 3315 181 3375 silua
196 3326 230 3372 ut
246 3333 316 3371 vcra
331 3312 534 3390 amplectitur;
554 3314 660 3390 partim
677 3314 867 3391 grammatica
880 3311 1058 3386 subtilitate,
1081 3315 1187 3390 partim

109 3421 311 3500 exemplorum
325 3420 410 3498 copia
425 3419 546 3478 meliora
559 3418 715 3478 edocens».

147 3563 191 3642 (1)
211 3568 244 3622 lu
262 3562 401 3640 peculiari
415 3561 618 3619 dissertatione
632 3560 689 3619 hoc
703 3562 809 3620 titulo:
831 3560 1002 3638 «Symbolae
1021 3562 1130 3620 criticae
1152 3563 1185 3620 ad

110 3670 222 3748 aliquot
243 3668 391 3727 Ciceronis
411 3665 448 3725 de
468 3665 589 3725 Finibus
609 3664 802 3725 bonorumet
821 3666 965 3725 inalorum
983 3668 1187 3744 loca;quibus

108 3777 242 3836 examina
259 3773 377 3854 publica
397 3773 427 3831 in
452 3772 603 3851 gymnasio
623 3772 705 3851 regio
725 3773 851 3832 Ulmano
875 3794 901 3832 a.
923 3775 951 3831 d.
969 3779 1042 3833 xlx
1064 3790 1137 3853 sept.
1160 3790 1185 3831 et

108 3883 158 3962 qui
174 3895 333 3959 sequentur
348 3878 453 3938 diebus
472 3878 614 3957 proximis
635 3878 692 3936 rite
707 3878 899 3954 instituenda,
921 3880 1023 3938 indicit
1043 3884 1186 3957 Georgius

110 3988 252 4053 Hernicus
268 3991 377 4055 Moser,
393 3985 465 4064 phil.
485 3984 563 4042 doct.
578 3996 608 4069 ct
627 4002 756 4059 gymnas.
774 4006 834 4063 reg.
849 3988 1007 4063 professor.
1023 3988 1136 4055 Ulinae,
1152 4009 1185 4045 ei

110 4094 228 4161 cilicina
240 4099 285 4154 Jo.
299 4092 429 4153 Danielis
444 4091 600 4169 Wagneri,
621 4091 695 4150 1825
705 4119 725 4148 i.
