2656 4792
249 371 312 440 lO.
337 371 446 439 AUG.
473 368 717 440 GOERENZII
741 368 1071 441 INTRODUCTIO.
1172 397 1190 466 7

122 491 229 582 spatio
255 491 304 556 sic
327 490 489 555 elaborata
512 507 648 579 putare,
676 506 715 554 ut
739 490 843 579 ipsam
871 493 1036 556 materiem
1061 514 1198 575 eorum,

123 598 297 687 multiplici
313 613 526 685 accurateque
540 597 678 661 lectione
693 595 889 684 parandam,
906 595 1022 662 eodem
1036 598 1100 662 iato
1117 614 1200 663 tern-

123 726 206 793 pore
219 718 410 792 congestam
424 703 604 785 existimes,
620 725 679 791 per
693 723 727 766 se
742 724 821 766 sane
833 701 1013 767 absurdum
1027 720 1093 786 ειη
1109 705 1135 769 ai
1150 705 1200 768 vel

122 808 304 899 ignorarit,
322 825 483 896 quantum
504 807 612 873 'l'ullio
629 807 687 873 otii
704 807 768 872 hoc
784 808 855 897 ipso
874 824 1022 896 tempore
1040 808 1201 899 intempe-

122 916 215 982 stivis
230 917 404 981 bominum
423 938 499 980 eum
515 916 715 980 visitantium
732 913 864 996 ciliciis,
881 915 1013 1004 privatis
1031 916 1198 981 clientium

122 1022 281 1111 negotiis,
296 1042 403 1110 eoque
417 1022 489 1111 ipso
510 1021 643 1103 dolore,
655 1023 747 1102 cujus
760 1022 888 1086 aculeos
906 1021 956 1084 his
973 1021 1089 1086 amdiis
1108 1037 1142 1085 et
1162 1022 1200 1085 li·

122 1128 201 1192 teris
213 1128 333 1192 evitare
346 1126 531 1208 laborabat,
549 1126 690 1214 perierit.
707 1125 816 1208 Quid?
829 1148 870 1190 ne
884 1126 1052 1215 probabile
1064 1126 1199 1214 quidem

120 1231 227 1297 videri
241 1231 359 1307 debet,
375 1232 461 1296 hanc
473 1233 575 1321 ipsam
588 1248 639 1295 tot
647 1232 807 1296 librorum
825 1232 989 1296 materiem
1004 1231 1200 1320 indigestam
1239 1276 1241 1280 ι

121 1337 297 1424 bucusque
311 1337 341 1401 ei
353 1336 388 1400 in
402 1335 591 1402 adversariis
604 1337 760 1419 jamiam,
773 1353 806 1401 et
819 1353 890 1400 tum
906 1334 1039 1400 demum
1052 1359 1070 1400 a
1084 1337 1198 1425 primis

123 1441 218 1506 bada
236 1463 307 1506 este
325 1441 509 1507 inchoatam
528 1441 674 1506 simulet
689 1440 888 1505 absolutam:
910 1441 1011 1504 immo
1030 1441 1139 1529 potius
1161 1464 1200 1505 ex

122 1570 194 1637 quo
209 1548 264 1612 bio
285 1547 347 1612 sibi
364 1547 407 1612 ad
424 1548 499 1612 libri
522 1548 657 1628 alicujus
681 1565 910 1638 argumentum
934 1550 1009 1612 satis
1034 1549 1200 1637 collegisse

121 1651 311 1736 videbam,
332 1670 404 1718 tum
430 1654 538 1719 statim
560 1654 722 1719 rebusad
744 1654 868 1719 ordinis
890 1655 994 1743 legem
1019 1654 1197 1747 adstrictis,
1313 1657 1322 1663 ”

121 1758 282 1826 orationis
297 1759 435 1823 formam
452 1759 625 1846 quamdam
640 1776 673 1824 et
688 1758 813 1824 colores
829 1758 986 1823 induebat
1005 1774 1038 1822 et
1055 1760 1194 1847 aptabat.

119 1866 186 1932 (lui
199 1865 267 1948 rei,
283 1864 397 1930 utalia
414 1867 688 1950 transmittamus,
705 1865 906 1930 documento
923 1881 1000 1929 sunt
1018 1881 1051 1929 et
1067 1865 1140 1929 libri
1156 1864 1198 1930 dc

121 1970 280 2059 legiam
301 1992 411 2036 cmsao
425 1986 554 2036 tantum
572 1970 628 2036 filo
654 1987 688 2036 et
704 1972 807 2059 prima
825 1971 967 2036 aucmris
988 1993 1110 2053 manu,
1135 1979 1194 2034 tut

120 2087 298 2158 πρόπωμα,
312 2076 441 2164 scripti,
457 2091 490 2141 et
506 2077 719 2157 Aradarum,
738 2098 881 2164 quorum
898 2078 1037 2138 formam
1053 2091 1103 2140 ter
1123 2101 1199 2142 mu·

122 2195 244 2263 ratam,
262 2181 312 2244 bis
329 2181 486 2245 diversam
503 2178 623 2243 editam
639 2179 771 2242 scimus.
787 2177 849 2242 Sed
866 2179 949 2259 haic,
964 2179 1057 2243 aliam
1073 2204 1197 2272 oppor-

121 2287 299 2352 tunitatem
313 2287 414 2368 nacti,
431 2286 612 2373 accuratius
631 2284 814 2349 videbimus
833 2307 841 2348 :
864 2306 953 2349 nunc
973 2285 1014 2349 ad
1032 2286 1133 2351 libros
1155 2288 1198 2355 de

122 2390 262 2457 Finibus
279 2390 444 2473 redimus,
462 2413 604 2479 quorum
621 2390 763 2479 primum
780 2391 1005 2455 confectorum
1023 2393 1196 2482 vestigium

122 2497 287 2586 reperitur
300 2500 369 2563 An.
384 2498 465 2578 ΧΠ,
482 2518 531 2584 ep.
547 2495 608 2578 45,
624 2497 681 2560 ubi
695 2496 758 2559 duo
774 2518 808 2560 ae
825 2497 937 2561 Cicero
953 2519 1073 2583 magna
1087 2510 1195 2580 συντάγ-

123 2633 196 2682 μτι
224 2603 397 2667 abeohtise
425 2602 547 2667 scribit.
572 2601 721 2666 Dubitari
741 2602 827 2665 enim
851 2619 938 2665 recte
966 2603 1099 2690 nequit,
1120 2625 1195 2669 cum

124 2708 326 2776 Academicis
351 2708 514 2798 prioribus
539 2709 600 2770 hos
625 2729 758 2795 quoqne
781 2707 881 2771 libros
906 2708 1011 2772 innui.
1037 2710 1146 2791 Quare
1171 2710 1197 2773 si

123 2836 232 2905 nuper
252 2814 425 2879 Schiitaius
439 2814 479 2879 V.
494 2813 562 2878 Cel.
577 2813 618 2878 ad
637 2813 657 2878 l.
672 2814 695 2876 l.
719 2812 841 2877 duobus
856 2814 916 2877 illie
931 2823 1090 2893 συντάγμασι
1104 2813 1199 2877 binos
1317 2848 1322 2861 ·

123 2920 392 2987 Acadanicorum
411 2919 510 2983 libros
527 2919 613 2982 solos
630 2916 693 2981 dici
706 2919 775 2981 vult
794 2917 882 3003 (nam
900 2916 941 2981 de
954 2919 1053 2982 altera
1065 2915 1105 2982 ad
1119 2918 1198 2982 Var-

123 3048 239 3091 ronem
254 3022 397 3089 editione
410 3040 525 3088 auctor
538 3039 608 3086 tum
624 3022 771 3086 nondum
787 3023 971 3112 cogitarat),
991 3023 1070 3098 hoc,
1083 3045 1124 3086 ne
1138 3023 1197 3087 alia

122 3152 333 3210 nonanus,
348 3129 400 3193 rel
417 3128 493 3192 ideo
510 3150 625 3216 parum
642 3127 848 3215 probandum
867 3144 932 3209 eat,
951 3126 1042 3215 quod
1058 3150 1123 3193 vox
1140 3138 1197 3189 ott-

121 3262 214 3321 ηγμ
234 3236 277 3302 de
300 3235 397 3324 plano
415 3251 542 3300 tantum
561 3256 660 3322 opere
680 3235 808 3322 aliquo,
825 3258 892 3298 non
912 3232 953 3297 de
975 3234 1110 3325 singulis
1126 3234 1196 3313 ejus

123 3344 231 3426 libris,
253 3343 331 3432 poni
350 3342 410 3406 rite
426 3342 537 3430 possit
556 3341 643 3405 Libri
660 3362 737 3404 vero
755 3340 796 3404 de
812 3341 946 3404 Finibus
962 3363 1003 3405 eo
1024 3341 1096 3429 ipso
1112 3358 1196 3407 tem·

123 3468 221 3538 pore,
237 3468 305 3536 quo
322 3447 383 3512 iata
400 3447 534 3535 epistola
552 3447 669 3534 scripta
685 3461 751 3527 est,
765 3446 787 3510 i.
796 3469 823 3510 e.
835 3462 910 3510 ante
923 3445 1009 3511 diem
1026 3446 1074 3513 111
1092 3468 1195 3511 nonas

119 3556 228 3638 iunias
244 3554 328 3642 708,
343 3552 482 3617 absona
495 3575 565 3617 esse
580 3552 760 3634 debebant,
776 3575 880 3641 quum
894 3575 1009 3616 eorum
1026 3551 1195 3617 seeundum

121 3677 238 3728 amor
255 3682 286 3725 a.
307 3659 340 3725 d.
358 3661 388 3723 V
405 3657 558 3723 kalendas
583 3657 734 3746 quintiles
751 3660 888 3722 Romana
910 3659 1034 3723 miserit
1048 3659 1108 3747 (cl.
1126 3663 1194 3725 Att.

123 3762 222 3848 xm,
238 3786 289 3855 ep.
303 3763 369 3851 32),
381 3763 591 3851 kalendiaque
603 3764 769 3827 sextilibus
783 3763 914 3827 eosdem
927 3765 1053 3827 Atticus
1066 3763 1194 3829 dudum

127 3892 192 3937 non
204 3873 314 3937 solum
327 3869 559 3936 describendos
572 3870 751 3958 acceperit,
766 3869 822 3933 aed
835 3870 875 3933 ab
893 3870 956 3934 hoo
968 3871 1064 3935 etiam
1078 3870 1197 3934 balbus

127 3980 268 4065 quintum
295 3998 432 4059 eorum,
457 3977 499 4041 ab
526 3977 692 4064 hujusque
716 3976 854 4040 librariis
880 3977 1023 4040 Corellia
1052 3975 1197 4063 quinque

129 4104 262 4166 omnes,
295 4083 399 4149 inrito
426 4083 716 4172 stomachanteque
750 4084 931 4164 Cicerone,
961 4098 994 4147 et
1023 4099 1197 4168 antequam
