2656 4792
113 389 157 470 4,
384 385 452 452 JO.
479 384 596 454 Auo.
621 376 906 452 GOERENZH

113 510 297 575 Proximam
313 506 353 570 ab
376 505 436 570 hac
456 504 555 569 Marsi
576 502 704 567 laudem
724 504 786 567 sibi
804 502 947 567 vindicat
966 503 1174 569 Cratandria:

114 614 221 679 firmat
234 613 320 678 enim
336 609 425 676 haud
441 631 514 673 raro
531 609 563 672 in
578 610 691 688 textis,
707 609 823 696 saepius
840 608 875 672 in
892 608 1054 697 margine,
1068 611 1177 674 lectio·

112 743 187 783 nem
202 717 441 807 probatiorem,
455 736 705 800 nonnumquam
727 736 784 777 sua
803 713 899 777 etiam
925 716 1026 802 ipsius
1040 719 1178 780 auctori·

112 843 176 891 tate
193 820 467 891 commendabilis.
493 822 638 909 Reliquae
662 836 785 884 veteres
813 820 881 885 fere
911 845 1051 886 numero
1082 825 1179 912 magis

87 1007 89 1011 .
112 954 210 1018 quam
226 927 371 1019 pondere
389 926 505 990 valent.
534 927 583 989 Ex
607 925 768 990 recentius
790 925 884 990 editis
903 928 1005 991 multa
1024 925 1179 992 debemus

58 1066 61 1070 “
111 1037 260 1116 Davisio,
283 1033 422 1122 plurima
442 1032 589 1114 Bremio,
607 1033 665 1120 qui
680 1031 730 1095 vel
745 1054 784 1095 ex
801 1056 842 1096 eo
861 1056 918 1097 sua
937 1035 971 1097 in
989 1058 1051 1099 nos
1069 1036 1179 1099 merita

111 1144 215 1222 auxit,
232 1139 333 1228 quod,
350 1138 485 1203 consilio
505 1137 657 1202 editionis
673 1138 879 1203 absolvendoe
895 1138 1068 1227 deposito,
1096 1143 1179 1205 ultro

111 1248 206 1313 nobis
224 1269 298 1310 suas
319 1244 361 1309 ad
385 1245 468 1310 duos
491 1244 685 1332 posteriores
708 1244 807 1307 libros
831 1243 1060 1310 adnotationes
1083 1248 1178 1311 misit

111 1355 172 1418 Eas
190 1374 249 1416 nos
268 1350 419 1440 quidem,
434 1351 468 1413 in
486 1349 605 1413 liberos
619 1370 697 1413 usus
714 1366 880 1436 acceptas,
897 1368 1059 1438 quantum
1073 1353 1178 1431 licuit,

112 1459 261 1567 religiose
279 1456 505 1536 adhibuimus,
525 1472 695 1545 gratesque
713 1456 814 1543 ipsas,
836 1473 874 1521 ut
891 1458 1002 1539 nobis,
1019 1458 1066 1522 sic
1082 1459 1180 1522 lecto·

113 1565 203 1629 ribus
215 1564 302 1644 fore,
322 1578 410 1627 certo
427 1560 632 1626 confidimus.

158 1673 198 1735 ln
223 1670 337 1734 ceteris
361 1691 461 1757 pauca
487 1670 578 1732 Rosae
600 1669 850 1751 commentario,
872 1666 1019 1758 quaednm
1046 1668 1180 1750 llatlrio,

112 1778 205 1865 plura
236 1778 384 1864 Augusto
416 1773 560 1837 Matthiae
595 1789 724 1862 accepta
758 1774 955 1839 referimus:
983 1774 1076 1854 cujus
1107 1798 1180 1839 acu·

114 1904 206 1964 men,
230 1881 444 1960 conjunctum
469 1901 545 1942 cum
565 1895 712 1943 accurata
731 1878 881 1944 dictionis
898 1881 1055 1944 Tullianae
1071 1881 1180 1944 obser·

113 1989 257 2067 vatione,
273 1986 389 2049 merito
406 1984 611 2074 suspicimus.
633 1984 785 2048 Privatim
807 1986 890 2049 rexit
907 1986 1004 2050 etiam
1023 1983 1181 2064 judicium

114 2109 262 2157 nostrum
286 2093 510 2172 Hermanuus,
536 2105 663 2177 recepta
691 2112 751 2178 pro
776 2090 844 2170 ejus
870 2091 1023 2180 singulari
1048 2091 1182 2155 benivo-

113 2199 225 2281 lentia,
249 2221 325 2262 curn
345 2196 507 2260 Schaefero
525 2196 719 2260 amicissimo
740 2213 932 2260 correcturae
953 2198 1113 2279 molestia,
1139 2213 1183 2261 ter

113 2305 169 2375 vel,
182 2319 311 2389 quater,
330 2324 394 2387 qua
415 2301 528 2364 eximia
555 2301 654 2388 pollet
677 2302 744 2364 veri
769 2301 968 2381 dijudicandi
991 2303 1141 2385 solertia,
1168 2326 1183 2366 a

114 2409 208 2495 lapsu
223 2427 283 2470 nos
307 2405 480 2469 continuit.
503 2405 763 2470 Communicavit
780 2406 866 2471 idern
882 2408 932 2471 vir
945 2431 1093 2472 summus
1109 2409 1184 2473 Rei·

118 2514 224 2576 zianas
252 2512 285 2573 in
311 2511 371 2573 hos
393 2510 493 2574 libros
515 2509 557 2574 ad
580 2512 777 2576 Ernestianae
801 2514 980 2601 exemplar,
1006 2513 1096 2600 quod
1120 2515 1185 2603 ipse

117 2617 275 2707 possidet,
295 2615 537 2698 adnotationes,
554 2640 612 2682 sua
634 2618 735 2707 ipsius
756 2642 856 2683 manu
876 2620 1068 2708 exscriptas:
1089 2637 1186 2708 atque

118 2726 164 2790 sic
179 2724 212 2787 in
231 2742 297 2786 una
313 2722 373 2785 hac
390 2745 425 2786 re
442 2722 610 2810 multiplici
626 2723 785 2788 beneficio
799 2725 860 2788 sibi
875 2747 935 2787 nos
950 2725 1103 2789 devinxit.
1118 2727 1187 2789 Hoc

118 2830 160 2895 ad
178 2845 301 2894 textum
322 2827 547 2917 refingendum
571 2846 728 2917 apparatu
749 2845 782 2892 et
799 2830 919 2893 auxilio
936 2853 1187 2919 nonnumquam

109 2936 255 2999 'sortasse
271 2934 396 2998 cautius
409 2934 498 3013 justo
516 2934 566 2996 usi
582 2933 781 2998 videbimur:
801 2933 857 2998 sed
874 2951 946 2998 tum
963 2937 1029 2999 fere
1047 2939 1188 3000 rationes

121 3065 181 3105 nos
202 3039 350 3127 quaedam
366 3039 535 3102 interiores
552 3062 570 3102 a
586 3040 780 3130 corrigendo
802 3040 1013 3122 revocabant,
1030 3065 1111 3128 quas
1129 3044 1189 3106 nisi

121 3145 268 3234 pluribus
281 3144 403 3224 verbis,
420 3160 579 3231 occupato
592 3145 659 3224 jain
676 3147 797 3233 spatio,
814 3146 964 3234 expedire
977 3170 1043 3210 non
1056 3147 1188 3212 licebat:

121 3251 242 3315 odiosae
261 3266 337 3313 sunt
354 3250 440 3313 enim
457 3249 594 3337 paginae,
611 3273 750 3338 quarum
765 3249 969 3315 adnotationi
987 3254 1040 3315 vix
1055 3254 1191 3343 singulae

79 3408 82 3412 ,
122 3371 227 3419 textus
245 3354 337 3418 linere
353 3355 509 3417 innatant.
523 3354 655 3436 Cetera,
673 3356 840 3443 inquibus
858 3357 911 3422 hic
928 3357 992 3420 illic
1008 3359 1115 3445 lapsos
1130 3384 1191 3424 nos

122 3458 258 3540 videris,
274 3475 312 3523 ut
328 3459 495 3523 communi
512 3459 703 3542 hominum,
724 3461 768 3526 ita
785 3478 903 3528 nostrae
920 3463 1058 3528 maxime
1074 3465 1191 3528 condi·

123 3564 205 3631 tioni
223 3563 428 3653 indulgenter
447 3564 614 3631 concedes.
