2656 4792
425 351 676 420 ARGUMEN
683 354 804 422 TUM.
1108 350 1154 422 25

121 479 207 557 quod
226 497 261 536 ex
278 477 326 535 illa
344 495 434 555 prave
451 475 600 536 utentibus
612 479 708 554 magni
724 477 857 549 dolores,
880 498 916 537 ex
935 478 991 536 hcc
1006 476 1152 537 interdum

121 594 238 653 magnae
257 575 423 652 voluptates
441 573 581 631 oriantur.
611 577 669 632 Eos
686 586 782 632 autem
799 575 866 652 jure
886 573 1076 646 accusandos,
1102 576 1154 651 qui

122 691 205 731 caeco
226 671 337 748 impetu
353 671 383 728 in
400 684 556 749 praesentes
573 671 739 749 voluptates
756 672 901 743 serantur,
924 692 997 743 uec,
1019 672 1071 749 qui
1085 669 1154 728 inde

122 769 245 827 dolores
258 768 315 826 sint
327 767 461 839 oriundi,
475 768 665 846 provideant:
677 769 783 827 similes
797 769 851 827 hos
864 769 900 826 iis
916 789 991 836 esse,
1005 768 1055 845 qui
1068 768 1155 825 animi

122 866 264 938 mollitie,
286 865 387 940 idest,
410 864 544 924 dolorum
564 867 649 943 iuga,
672 867 767 925 ollicia
788 887 840 925 sua
861 866 1005 925 deserant.
1021 864 1155 922 Incidere

122 965 205 1022 enim
221 976 370 1042 tempora,
381 944 492 1042 ,quibus
505 983 581 1042 saepe
592 965 757 1042 voluptates
771 963 949 1042 rejiciendae,
961 963 1157 1040 molestiaque

122 1059 316 1138 suscipiendae
333 1061 410 1131 siut,
430 1074 463 1118 ut
481 1061 646 1138 rejiciendis
662 1062 719 1119 illis
733 1062 856 1139 majores
870 1062 933 1119 aliae
947 1073 1097 1139 parentur,
1110 1059 1156 1117 liis

127 1156 321 1236 suscipiendis
337 1157 471 1216 duriores
488 1157 675 1216 declinentur.
689 1161 734 1216 lta
747 1163 946 1236 Torquatum,
960 1177 1050 1235 quum
1064 1156 1157 1214 filiuni

125 1267 222 1312 morte
237 1254 390 1325 multaret,
404 1254 490 1312 saluti
503 1250 609 1313 civium
625 1255 820 1333 prospexisse,
832 1256 883 1333 qui
896 1252 1070 1312 intellexerit
1081 1295 1089 1321 ,
1100 1253 1159 1311 hac

124 1371 210 1409 suam
225 1369 342 1428 quoque
357 1351 508 1409 contineri.
522 1356 619 1428 Atque
632 1351 672 1409 ita
684 1353 803 1410 omnino
817 1352 895 1410 viros
906 1353 999 1409 claros
1010 1351 1157 1427 sortesque

127 1446 240 1513 fecisse,
254 1458 296 1515 ut,
312 1446 509 1524 voluptatibus
523 1447 670 1527 neglectis,
683 1448 753 1505 alias
767 1448 889 1526 majores
901 1458 1157 1524 consequerentur,

125 1541 303 1619 doloresque
316 1544 483 1621 exciperent
499 1544 634 1617 leviores,
654 1543 822 1602 durioribus
837 1543 977 1610 vitandis,
1001 1543 1156 1616 ssa-37.

126 1639 186 1697 Sed
199 1639 236 1697 ad
248 1660 378 1699 errorem
393 1641 593 1718 imperitorum
609 1641 768 1700 tollendum
781 1641 837 1699 hoc
852 1641 984 1718 inprimis
997 1640 1102 1712 facere,
1115 1655 1156 1710 ut,

126 1755 193 1812 quae
205 1735 358 1812 qualisque
374 1737 508 1814 voluptas
522 1737 584 1814 ipsa
600 1737 655 1809 sit,
669 1751 808 1795 teneatur.
822 1742 888 1796 Non
903 1737 1056 1794 enimcum
1066 1738 1156 1794 solam

127 1832 307 1909 voluptatem
328 1832 491 1891 habendam
512 1854 588 1901 esse,
605 1854 670 1911 quae
691 1854 790 1891 seusus
813 1834 941 1891 suaviter
962 1834 1084 1905 alliciat,
1104 1832 1155 1891 sed

126 1949 189 1986 earn
201 1931 355 1987 maximnm
366 1928 567 2006 judicandam,
580 1952 644 2009 quae
658 1932 726 1989 insit
737 1932 767 1987 in
782 1914 892 1988 doloris
909 1931 1002 1988 omnis
1016 1929 1155 1990 absentia.

126 2032 226 2100 Quum
240 2047 311 2086 vero
326 2044 459 2106 expertes
478 2027 604 2098 doloris,
619 2029 761 2105 vacuique
775 2029 854 2101 omui
871 2029 1016 2099 molestia,
1029 2027 1156 2105 gaudea-

127 2138 404 2195 mus,omneautem
414 2124 551 2203 gaudium
569 2116 702 2203 voluptas
716 2125 770 2182 sit:
786 2137 862 2182 recte
874 2124 942 2181 hinc
953 2124 1031 2182 illam
1047 2123 1157 2181 doloris

127 2221 302 2279 vacuitatem
329 2221 502 2298 appellatam
532 2241 593 2279 esse
619 2223 814 2299 voluptatem,
848 2240 970 2298 eamque
997 2239 1156 2290 summam

127 2329 188 2375 tum
210 2318 286 2376 enim
302 2320 407 2377 variari
429 2318 517 2377 modo
535 2339 619 2397 posse
634 2320 828 2397 voluptatem,
855 2319 954 2396 augeri
976 2339 1036 2377 non
1051 2338 1156 2398 posse,

126 2415 285 2486 §37-40·
346 2477 347 2481 ,

166 2516 226 2570 Eos
241 2513 345 2589 igitur,
358 2513 409 2590 qui
423 2526 526 2571 contra
540 2527 673 2573 naturam
690 2534 832 2572 summum
847 2513 957 2572 bonum
972 2514 1033 2572 sola
1048 2512 1079 2571 in
1093 2513 1156 2572 vir-

128 2621 189 2665 tute
212 2620 341 2686 ponant,
365 2609 510 2681 maximo,
530 2610 553 2667 si
576 2610 735 2688 Epicurum
751 2609 889 2682 audiant,
916 2609 1034 2668 liberari
1056 2629 1156 2687 errore

126 2723 220 2780 posse.
235 2705 363 2762 Virtutes
380 2707 457 2764 enim
471 2706 535 2764 illas
548 2726 665 2779 omnes,
681 2726 753 2784 quas
775 2719 925 2783 tantopere
945 2705 1105 2776 celebrent,
1119 2727 1156 2765 ex

126 2819 162 2856 eo
177 2800 258 2877 ipso,
274 2798 353 2877 quod
367 2800 544 2879 voluptatem
560 2802 701 2870 efficiant,
720 2801 878 2860 laudabiles
896 2822 958 2860 esse
971 2814 1001 2860 et
1015 2814 1156 2880 expeten-

126 2893 187 2952 das.
205 2898 384 2970 Sapientiam
399 2897 488 2968 enim,
508 2918 573 2975 quae
597 2918 644 2956 ars
668 2899 706 2956 sit
720 2897 852 2969 vivendi,
875 2912 907 2956 ut
932 2910 1008 2955 artes
1028 2910 1155 2969 ceteras,

127 2990 195 3049 inde
206 3011 268 3050 esse
278 2992 486 3070 expetendam,
500 2993 578 3071 quod
593 2995 772 3073 voluptatem
787 2996 940 3073 conquirat
954 3007 983 3052 et
996 3009 1155 3074 comparet,

128 3102 332 3166 removeatquc
345 3091 494 3150 exanimis
512 3105 647 3162 terrores,
658 3093 829 3170 cupiditates
841 3099 976 3170 (quarum
991 3092 1104 3171 egregia
1118 3092 1156 3151 sit

129 3185 233 3264 triplex
244 3186 294 3245 illa
302 3187 422 3267 Epicuri
430 3189 571 3269 partitio),
583 3190 724 3268 falsasque
732 3191 893 3268 opiniones.
904 3193 971 3247 Non
979 3202 1057 3247 recte
1067 3189 1157 3269 igitur

128 3302 189 3340 eam
199 3296 321 3361 propter
334 3296 424 3342 semet
439 3284 530 3363 ipsam
547 3287 661 3364 expeti,
679 3292 694 3359 ς
716 3296 843 3359 ta-tr-
864 3287 975 3346 Eodem
990 3286 1079 3345 modo
1092 3306 1155 3345 esse

129 3380 171 3438 vel
183 3384 401 3456 temperamiam
414 3402 473 3441 non
484 3396 605 3462 propter
617 3403 660 3451 se,
670 3383 720 3442 sed
728 3385 796 3461 quia
808 3403 907 3462 pacem
920 3397 950 3442 et
959 3383 1155 3463 tranquillita-

128 3488 182 3535 tem
204 3477 307 3535 animis
324 3479 473 3551 conciliet,
495 3480 696 3558 expetendam.
719 3487 801 3540 Hanc
822 3482 912 3553 enim,
930 3482 1043 3540 ratione
1063 3481 1155 3553 duce,

128 3593 183 3631 non
196 3575 291 3632 solum
300 3574 448 3652 judicare,
464 3576 534 3654 quid
550 3577 729 3649 laciendum,
743 3577 930 3636 vitandumve
946 3579 1001 3648 sit3
1018 3576 1068 3636 sed
1086 3598 1153 3657 per-

126 3684 198 3729 stare
224 3672 311 3730 etiam
336 3673 365 3730 in
384 3674 515 3751 judicato
533 3673 663 3734 debere:
682 3676 762 3754 quod
786 3677 837 3755 qui
859 3676 1036 3753 neglexerit,
1055 3676 1149 3747 hunc,

127 3767 220 3826 oblata
231 3769 328 3846 specie
343 3770 493 3839 utilitatis,
506 3771 676 3831 libidinibus
692 3774 881 3832 constrictum
896 3773 1027 3831 maximis
1041 3771 1153 3831 dolori-

127 3861 177 3922 bus
191 3865 386 3943 improvidum
400 3881 515 3946 putere;
538 3868 726 3947 doloremque
744 3883 804 3928 tum
822 3872 935 3949 sugere,
954 3890 1044 3947 quum
1060 3856 1153 3947 major

128 3980 208 4020 exeo
224 3963 358 4041 voluptas
372 3978 538 4036 enascatur,
553 3965 759 4044 gravioresque
777 3967 894 4025 dolores
909 3967 1011 4025 evitari
1027 3967 1151 4046 possint,

133 4058 149 4132 §
176 4066 303 4136 47—49.
340 4064 401 4120 Nec
422 4061 506 4119 aliam
536 4081 597 4121 csse
617 4065 804 4135 fortitudinis
835 4065 977 4122 rationem
1005 4086 1011 4119 :
1042 4063 1151 4141 quippe
