2656 4792
450 357 738 426 PRAEFATIO.
1086 382 1132 427 xv

53 492 168 560 renzii
188 504 224 560 et
242 487 402 561 Sclriitzii
419 491 546 562 merita
559 487 676 561 libens
689 504 859 586 agnoscat
872 489 941 587 (ι),
956 493 1133 565 nonnulla

56 628 178 684 tamen
198 613 236 683 in
255 612 404 684 illorum
422 610 644 684 editionibus
666 610 840 683 mutanda
859 617 1021 711 exponit.

102 740 277 834 Denique
302 761 420 834 quum
447 736 654 835 superiores
677 733 837 837 editores
859 738 991 808 critiooe
1015 763 1134 837 operte

56 861 173 933 multo
192 863 308 958 magis
324 884 434 958 quam
449 861 643 958 exegetica
659 857 928 944 incubuissent,
947 859 1135 960 multaque

55 987 213 1059 obscura
231 999 294 1057 aut
312 985 500 1058 intellectu
514 983 676 1057 difficilia
695 986 773 1057 sine
797 985 1038 1082 explicatione
1054 987 1136 1059 reli·

55 1113 244 1210 quissent,
265 1135 354 1199 nos,
383 1123 564 1210 quantum
583 1109 710 1182 saltem
730 1122 807 1181 erat
829 1109 869 1179 in
889 1109 1017 1196 nobis,
1038 1110 1134 1184 lacu⁶

57 1261 141 1308 nam
172 1235 268 1307 banc
296 1233 538 1334 implevimus.
577 1238 622 1305 ln
652 1259 727 1331 quo
762 1258 874 1332 opere
903 1234 1028 1332 gallica
1058 1261 1137 1307 ver·

57 1364 179 1448 sione,
205 1374 317 1458 quam
336 1363 494 1456 Regnier
511 1363 722 1431 Desmarats
744 1357 929 1446 condidit,
952 1363 984 1430 J.
1001 1363 1044 1430 V.
1066 1365 1136 1432 Le·

60 1486 150 1557 clerc
165 1485 290 1555 revisit
309 1497 347 1554 et
363 1485 545 1569 correxit,
564 1482 724 1554 multum
742 1481 858 1577 adjuti
879 1502 1023 1571 sumus,
1045 1487 1137 1582 ipsa·

59 1634 131 1707 que
149 1608 247 1679 illius
260 1605 372 1679 verba
385 1632 480 1706 saepe
499 1609 768 1707 exscripsimus,
781 1630 898 1704 quum
913 1606 1017 1678 aliter
1029 1607 1139 1707 longa

57 1729 272 1829 paraphrasi
288 1729 334 1801 ad
348 1729 514 1828 quaedam
528 1728 741 1828 explicanda
752 1753 847 1827 opus
861 1727 995 1802 suisset.
1006 1732 1137 1819 Quam-

59 1856 112 1926 vis
126 1853 329 1928 nonnullos
342 1856 381 1924 in
395 1879 437 1926 ea
450 1855 616 1925 versione
632 1853 982 1952 deprehenderimus
996 1879 1138 1928 errores

59 1981 124 2076 qui
138 1981 321 2076 graviores
330 1977 549 2051 videbantur
562 2003 673 2075 quam
689 1981 754 2075 qui
771 2003 847 2049 non
866 1995 1139 2077 exponerentur

60 2119 95 2175 et
116 2103 387 2207 refellerentur,
415 2103 634 2202 plerumque
653 2117 776 2173 tamen
794 2104 1088 2201 perspicuitatem
1103 2121 1141 2177 et

61 2225 273 2299 fidelitatem
306 2250 387 2324 quae
413 2226 552 2323 requiri
579 2239 722 2324 poterat
749 2239 916 2323 praestat;
939 2249 1062 2321 neque
1087 2224 1139 2297 illi

100 2506 144 2572 (ι)
155 2500 204 2558 Sic
216 2499 294 2556 enim
305 2498 449 2576 loquitur:
460 2525 471 2549 α
483 2497 562 2571 Quin
577 2511 608 2555 tu
617 2541 623 2554 .
632 2512 728 2576 ..post
738 2498 897 2566 Goerenaii,
909 2518 969 2576 quo
981 2518 1042 2557 non
1054 2499 1139 2558 facile

62 2607 136 2664 alius
156 2604 354 2663 Ciceroniana
375 2603 523 2680 elegantiae
548 2601 716 2679 diligentior
737 2615 856 2660 exortus
877 2616 920 2660 est
937 2602 1092 2681 indagator
1111 2619 1141 2663 et

63 2711 145 2788 quasi
169 2722 302 2779 venator,
327 2722 358 2767 tu
383 2722 450 2787 post
473 2709 536 2787 cjus
556 2727 677 2787 operam
698 2706 782 2766 libris
802 2707 838 2766 de
852 2707 973 2767 Finibus
988 2723 1139 2780 navatam,

65 2829 130 2894 post
142 2814 275 2875 Schiitzii
292 2813 436 2892 denique,
452 2815 482 2871 iu
500 2814 642 2872 Cicerone
659 2825 738 2870 tanta
755 2832 822 2870 cum
837 2812 923 2871 laude
940 2815 1063 2886 versati,
1081 2834 1142 2874 om·

64 2925 145 2982 nium
160 2922 312 2982 Ciceronis
331 2940 454 3000 operum
473 2920 720 2998 recognitionem,
741 2919 849 2991 iliada,
866 2918 947 2997 quod
961 2922 1060 2994 aiunt,
1074 2936 1142 3002 post

64 3011 223 3089 Homerum
234 3049 339 3087 cauere
349 3027 513 3086 meditaris:
526 3047 563 3085 an
578 3026 752 3086 emendandi
766 3026 888 3085 libidine
900 3027 1050 3106 abreptus,
1060 3031 1140 3106 quod

65 3136 106 3194 illi
120 3136 169 3193 vel
183 3132 259 3193 bene
278 3145 486 3203 correxerunt,
501 3132 546 3191 vel
565 3145 646 3191 certo
661 3131 774 3210 judicio
788 3132 928 3191 intactum
941 3133 1142 3213 reliquemnt,

67 3243 92 3299 in
109 3242 195 3320 pejus
212 3238 399 3298 immutabis?
422 3238 538 3311 Quibus
559 3257 614 3317 ego
635 3237 709 3295 illud
732 3257 863 3316 repono,
889 3239 998 3299 nullius
1015 3240 1141 3301 hominis

67 3348 269 3408 auctoritatem
289 3343 368 3424 apud
385 3344 480 3403 virum
495 3342 625 3402 veritatis
639 3343 802 3401 studiosum
819 3356 926 3402 tantam
941 3365 1004 3404 esse
1017 3344 1142 3418 debere,

67 3469 96 3513 ut
109 3474 180 3513 curn
196 3452 248 3511 illo
264 3470 362 3510 errare
375 3449 469 3519 malit,
486 3467 574 3526 quam
587 3448 663 3527 ipse,
684 3448 755 3526 quid
769 3469 871 3508 verum
895 3451 945 3522 sit,
958 3451 1140 3532 investigare.

66 3565 202 3622 Ceterum
222 3578 277 3638 ego
298 3558 328 3616 in
348 3557 404 3616 hac
423 3556 581 3634 scriptione
604 3575 664 3612 non
685 3554 715 3612 id
738 3554 810 3613 mihi
829 3576 930 3627 sumo,
951 3569 984 3614 ut
1003 3577 1139 3637 magnum

67 3665 195 3745 aliquid,
208 3678 239 3723 et
259 3683 320 3742 quo
344 3681 419 3741 aegre
440 3681 540 3720 carere
558 3660 650 3739 possit
670 3659 852 3719 eruditorum
874 3660 1054 3740 respublica,
1070 3665 1141 3725 milti

68 3773 224 3851 protulisse
235 3771 354 3830 videar:
374 3768 425 3828 sed
440 3766 513 3827 illud
529 3766 601 3826 mihi
617 3765 800 3845 propositum
815 3780 876 3839 est,
896 3781 929 3827 ut
948 3769 1059 3848 aliquot
1078 3771 1142 3849 ejus

68 3879 229 3959 scriptoris,
244 3896 332 3956 quem
345 3877 377 3935 in
391 3873 503 3934 deliciis
521 3871 632 3945 habeo,
655 3873 718 3931 loca
729 3872 791 3931 sive
802 3893 892 3951 parva
904 3874 1041 3953 facilique
1051 3889 1144 3936 muta-

72 3986 145 4045 tione
158 3984 263 4043 ceteris
276 3981 417 4041 similiora
428 3979 559 4051 reddam,
572 3978 633 4036 sive
645 3978 817 4049 accuratius,
828 3998 916 4055 quam
928 3978 1024 4040 adhuc
1034 3982 1143 4042 facttum

72 4105 126 4163 est,
141 4090 301 4169 explicem,
312 4088 372 4147 sive
386 4087 483 4145 minus
495 4098 572 4144 recte
585 4103 646 4143 esse
664 4096 774 4142 tentata
788 4084 985 4144 demonstrem
995 4112 1016 4145 r.
