2656 4792
395 373 785 450 rntnooucmo.
1085 403 1125 472 η

54 513 146 578 rent,
158 495 304 584 paullum
319 492 417 557 modo
432 492 539 556 veihis
551 492 731 559 differrent.
745 490 836 558 ldern
846 496 900 559 hic
913 520 1029 562 novam
1044 500 1130 565 illam

55 602 232 667 formulam
248 617 482 690 proposuerat,
500 624 563 689 qua
579 602 747 666 secundum
763 618 914 667 naturam
928 609 1031 670 vivere
1044 630 1133 671 sum·

55 733 150 774 mum
163 709 290 774 bonum
304 707 447 789 dicebat,
461 709 522 789 IV,
537 709 577 789 6,
596 712 650 790 ¹1l3
675 733 732 792 ro,
748 709 789 772 25
805 726 839 773 et
856 733 907 797 27,
922 727 981 776 etc.
996 735 1131 803 eamque

54 815 161 902 ipsam
173 812 292 878 deinde
304 814 464 878 recentior
474 813 646 878 Academia
657 815 745 901 (nam
758 815 971 880 Polemonem
980 818 1131 885 ultimum

54 919 175 984 veteris
188 942 265 984 curn
278 918 387 983 Tullio
401 920 654 1007 numeramus),
669 943 734 983 una
748 942 825 985 cum
840 921 909 1000 ejus
922 923 1134 1011 explicatione

55 1022 232 1114 diligenter
242 1024 388 1111 amplexa
402 1039 467 1104 est,
482 1045 551 1087 uno
567 1025 728 1088 Antiocho
744 1023 944 1108 Ascalonita,
957 1026 1056 1116 idque
1070 1053 1135 1094 una

55 1145 185 1194 tantum
197 1130 231 1193 in
242 1153 295 1211 re,
307 1145 451 1218 excepto.
467 1129 551 1192 Nam
566 1152 608 1193 ne
620 1129 799 1194 Carneades
811 1130 943 1218 quidem
956 1134 1134 1222 quidquam

55 1236 143 1299 serio
164 1237 323 1300 mutavit:
342 1235 397 1299 hic
414 1236 501 1300 eninr
529 1236 622 1299 istam
641 1259 732 1299 suam
752 1236 925 1301 formulam
949 1238 1136 1328 disputandi

55 1340 160 1405 modo
187 1363 283 1405 causa
308 1341 523 1431 posui13vid.
550 1343 599 1424 lI,
626 1366 686 1424 rr,
708 1341 759 1406 35.
784 1341 866 1407 Inde
888 1344 957 1407 lraec
975 1349 1137 1412 sententia

57 1447 191 1536 proprie
203 1447 625 1535 Academico-Peripatetico
639 1447 828 1537 appellanda
844 1467 933 1514 erat:
949 1450 1006 1515 sed
1023 1470 1136 1519 auctor

57 1575 150 1633 eam,
168 1568 205 1616 ut
221 1553 317 1617 etiam
334 1555 420 1617 illam
441 1576 480 1616 ex
496 1554 647 1617 Antiochi
668 1570 776 1618 mente
797 1556 991 1643 expositam,
1010 1559 1134 1648 simpli·

57 1659 139 1722 citer
151 1658 396 1747 Peripateticum
408 1660 561 1746 appellat,
571 1660 696 1724 ratione
707 1661 849 1724 nominis
860 1664 968 1727 statim
979 1665 1012 1727 in
1023 1668 1135 1731 oculos

57 1764 257 1828 incurrente.
278 1764 352 1852 Ipsa
369 1780 478 1827 autem
495 1765 563 1827 haec
587 1764 770 1828 Polemonis
791 1783 906 1830 auctor
926 1791 993 1831 non
1013 1786 1077 1834 tam
1098 1796 1136 1835 ex

57 1868 157 1950 hujus
172 1870 299 1958 scriptis
319 1871 469 1958 petiisse,
485 1894 582 1958 quam
603 1895 643 1934 cx
658 1872 822 1953 Philonis,
843 1873 898 1960 qui
915 1875 1002 1939 solus
1021 1877 1082 1964 ipsi
1100 1880 1132 1942 in

58 1974 260 2040 Academicis
275 1975 427 2065 magister
441 1976 563 2058 fuerat,
576 1975 627 2040 vel
643 1978 867 2058 institutione,
882 1979 933 2042 vel
948 1981 1038 2046 libris
1054 1983 1136 2047 hau·

59 2080 286 2146 sissevidetur.
301 2083 422 2145 Contra
435 2082 521 2145 solos
533 2099 643 2146 autem
655 2083 780 2145 Stoicos
793 2083 883 2146 hunc
897 2102 1136 2151 antecessorum

59 2209 151 2251 more
168 2187 382 2276 philosophiae
398 2211 464 2251 suae
485 2188 547 2252 tela
564 2190 688 2252 acuisse
706 2205 739 2252 et
755 2187 908 2253 direxisse
926 2208 1053 2256 certum
1069 2211 1136 2275 est3

58 2291 124 2356 vid.
139 2293 229 2357 Sext.
248 2293 341 2380 Emp.
369 2293 484 2382 Pyrrh.
509 2295 630 2381 Hypot.
651 2295 682 2375 l,
705 2293 786 2375 235,
813 2294 864 2357 cll.
888 2296 1008 2362 Euseb.
1030 2299 1133 2389 Praep.

59 2399 147 2481 xlv,
160 2420 232 2487 cap.
247 2421 279 2484 9.
299 2399 340 2463 Et
357 2400 441 2462 forte
454 2400 622 2464 exstabant
637 2401 734 2464 etiam
748 2399 897 2487 quaedam
915 2401 984 2482 ejus
1003 2404 1036 2467 in
1054 2406 1134 2470 isto·

59 2527 133 2568 rum
150 2503 255 2567 ethica
271 2503 474 2591 conscripta:
494 2504 639 2568 Philonis
658 2521 745 2567 certe
760 2505 861 2569 libros
878 2506 1070 2573 Ciceronem
1092 2511 1134 2575 ad

59 2632 135 2673 suos
147 2631 227 2673 usus
239 2607 411 2696 diligenter
420 2609 624 2690 adhibuisse,
638 2610 679 2673 ad
695 2609 815 2674 Acadd.
828 2612 861 2674 11
873 2611 1021 2678 vidimus.
1038 2617 1132 2680 Philo

59 2732 169 2779 autem
183 2715 211 2777 is
226 2713 364 2777 maxime
379 2714 479 2778 fuisse
497 2711 639 2795 videtur,
655 2715 711 2801 qui
726 2715 866 2778 Stoicam
883 2733 919 2779 ut
936 2718 968 2780 in
983 2719 1132 2807 reliquis,

57 2821 100 2884 ita
111 2820 149 2883 in
166 2818 279 2883 ethicis
295 2818 487 2883 sententiam
507 2820 655 2911 elevans,
673 2836 737 2883 tam
754 2843 868 2908 parum
886 2821 927 2884 ab
943 2823 1133 2891 Academica

59 2924 333 3012 Peripateticaque
350 2922 530 3011 discrepare
547 2921 685 3004 diceret,
702 2940 739 2987 ut
755 2925 837 2987 ratio
854 2926 1029 3012 probabilis
1045 2932 1131 2995 nulla

58 3046 143 3094 esset
152 3077 164 3108 ,
181 3051 242 3092 cur
257 3031 346 3093 Zeno
360 3051 442 3092 nova
456 3029 553 3092 rebus
568 3029 701 3093 nomina
719 3029 919 3117 imponendo
938 3033 1131 3122 singularem

58 3133 264 3222 disciplinam
288 3131 478 3197 condiderit.
505 3134 577 3196 lloc
595 3133 711 3221 saepius
734 3135 821 3222 apud
845 3136 990 3200 'l'ullium
1009 3140 1133 3228 agitur,

60 3240 200 3304 maxime
216 3262 294 3303 vero
318 3240 380 3320 lV,
399 3237 433 3319 5,
457 3261 513 3318 ¹¹3
534 3262 573 3325 7,
592 3238 651 3317 23,
672 3262 747 3302 cum
767 3263 872 3327 eoque
890 3259 957 3306 tota
976 3244 1048 3308 libri
1067 3247 1133 3312 dis-

24 3320 34 3333 ·
58 3344 184 3434 putatio
198 3360 284 3407 arcte
296 3344 456 3431 jungitur.
474 3343 536 3407 Sed
550 3367 591 3407 ne
607 3344 640 3405 in
656 3343 720 3425 his,
736 3368 808 3431 quae
822 3368 840 3407 a
855 3349 1039 3427 conjectura
1053 3376 1134 3440 pen·

61 3451 158 3532 dent,
173 3472 359 3530 moremur,
376 3448 417 3513 ad
434 3449 553 3513 librum
568 3455 711 3537 quintum
727 3474 908 3539 pergamus.
924 3455 961 3516 ln
977 3479 1044 3543 quo
1058 3459 1136 3524 huc.

61 3579 165 3645 nsque
183 3578 300 3643 parum
318 3553 518 3618 intellectum
534 3577 603 3618 esse
621 3555 766 3636 videtur,
786 3571 886 3620 totam
906 3559 990 3624 lianc
1007 3562 1134 3654 Peripa·

62 3663 189 3726 tetimm
218 3661 260 3725 de
287 3661 422 3726 Finibus
451 3661 645 3725 sententiam
679 3684 718 3724 ex
749 3662 902 3726 Antiochi
933 3669 1134 3754 expositione

65 3764 199 3830 fluxisse.
217 3766 302 3829 Hinc
314 3764 461 3853 quaedam
475 3765 625 3829 dictionis
638 3767 849 3855 proprietates
864 3768 905 3831 ad
921 3770 1011 3836 hunc
1027 3774 1134 3862 ipsum

67 3871 256 3954 referenda,
272 3894 352 3959 quas
373 3871 512 3935 subinde
533 3872 567 3934 in
586 3870 797 3936 adnotatione
816 3873 1038 3960 distinximus3
1060 3881 1137 3947 hinc

70 3976 104 4039 ad
121 3976 275 4041 eumdem
293 4000 427 4065 quoque
447 3978 636 4065 praeclarum
656 3976 736 4040 illud
752 3980 1041 4069 pertinct,.quod‚
1060 3989 1138 4051 Car.

73 4082 173 4148 neadis
186 4081 355 4171 exemplo,
371 4082 429 4147 sed
446 4082 645 4147 enucleatius
660 4085 834 4171 quaeritur,
849 4103 927 4175 quot
939 4111 1004 4152 esse
1015 4091 1141 4180 defini-

162 4194 205 4262 Π.
235 4207 280 4254 cte.
293 4223 349 4271 pen
364 4209 437 4254 uitia.
998 4226 1016 4267 Ἀ
