2656 4792
49 380 59 391 .
108 327 156 399 ab*
450 330 835 399 ARGUMENTUM.

147 471 234 530 qnam
253 471 313 510 non
331 470 384 530 per
397 471 428 511 se
447 454 541 531 ipsam
563 466 752 532 expetamus,
768 451 819 510 sed
834 463 867 509 ut
885 449 948 509 sine
968 470 1041 510 cura
1059 463 1091 511 et
1105 465 1178 511 metu

147 551 285 609 vivamus.
310 555 353 611 Ut
365 550 443 609 enitn
460 550 561 608 mortis
576 552 666 609 metui
682 550 894 626 doloribusque
909 547 1106 608 succumbere
1125 552 1178 608 mi-

146 667 244 707 serum
256 649 308 717 sit,
323 659 411 724 atque
429 645 498 705 inde
513 658 557 705 tot
570 660 742 724 parentum,
755 646 939 717 amicorum,
955 646 1061 723 patriae
1076 646 1178 724 prodi-

147 757 225 803 tores
239 743 401 802 exstiterint
422 764 429 799 :
451 741 492 801 ita
512 762 575 801 csse
597 743 703 801 sortem
723 743 929 819 excelsumque
948 743 1078 801 animum
1100 744 1177 801 omni

146 861 217 901 cura
236 841 411 911 immunem,
436 841 541 899 mortis
566 854 816 918 oontemptorem,
842 837 879 897 ad
903 837 1021 897 dolores
1045 838 1177 898 serendos

146 951 297 1018 paratnm;
317 957 444 1014 qnorum
459 937 577 997 maximi
597 951 693 997 morte
716 938 866 1009 finiantur,
887 937 971 1014 parvi
993 935 1108 995 crebris
1132 956 1177 994 re-

147 1037 252 1115 quietis
264 1034 421 1093 intervallis
436 1035 662 1113 distinguantur.
676 1040 722 1095 Ita
734 1033 853 1113 quidem
867 1033 1054 1092 timiditatem
1068 1035 1177 1114 impro-

147 1132 212 1191 bari
232 1143 261 1189 et
282 1130 378 1209 rejici,
404 1131 484 1210 qnod
501 1131 657 1203 dolorem
684 1130 884 1190 fortitudinem
898 1129 1012 1189 laudari
1026 1143 1056 1189 et
1070 1131 1176 1209 optari,

147 1227 229 1305 qnod
240 1229 420 1306 voluptatem
431 1228 540 1306 pariat,
552 1235 567 1301 s
579 1237 633 1305 49,
646 1228 693 1287 bo.
708 1228 843 1305 Relinqui
847 1229 1016 1301 justitiam,
1032 1248 1098 1306 qnae
1111 1229 1174 1285 item

149 1345 168 1383 a
179 1325 327 1402 voluptate
341 1325 452 1402 sejungi
466 1338 604 1403 nequeat,
615 1345 706 1403 qnum
718 1326 825 1403 partim
839 1338 940 1403 suapte
953 1338 1059 1383 natura
1070 1325 1176 1383 animos

151 1422 331 1500 tranquillet,
355 1423 459 1500 partim
476 1442 557 1501 spem
571 1422 719 1501 praebeat,
734 1443 768 1481 ea
784 1443 900 1501 semper
915 1423 1025 1492 alsore,
1045 1442 1113 1499 qnae
1127 1441 1175 1479 na·

151 1532 217 1578 tura
232 1539 292 1577 non
306 1519 463 1597 depravata
476 1520 614 1597 requirat.
632 1519 804 1596 Injnstitiam
821 1532 922 1578 contra
941 1538 1019 1586 esse,
1039 1538 1107 1595 quae
1120 1520 1175 1575 ani-

151 1636 231 1675 mum
251 1636 344 1694 usqne
363 1637 454 1694 poene
477 1630 556 1675 metu
579 1617 746 1689 excruciet,
775 1636 923 1694 praveque
949 1616 1094 1673 laetorum
1114 1635 1174 1672 con·

150 1711 278 1770 seleutia.
304 1713 411 1769 Vocari
431 1712 519 1789 igitur
538 1710 613 1770 bene
628 1732 714 1770 sanos
728 1733 746 1769 a
761 1731 832 1770 vera
846 1711 957 1769 ratione
972 1709 1009 1768 ad
1022 1710 1174 1787 justitiam,

151 1813 330 1888 aequitatem,
345 1808 441 1867 iidem.
463 1813 508 1867 Ita
523 1809 642 1886 quidem
656 1830 710 1867 neo
723 1810 862 1886 justitiam
878 1828 931 1887 per
944 1808 1081 1885 seipsam
1096 1828 1174 1885 expe·

151 1904 267 1964 tendam
281 1905 405 1977 esse,sed
414 1908 492 1983 quod
507 1907 610 1963 multas
623 1905 689 1963 vitae
697 1906 916 1964 commoditates
925 1903 1174 1982 jucrmditutesque

127 2058 137 2073 „
151 2002 301 2070 conciliet,
315 2004 333 2079 §
350 2002 476 2071 50-54.

191 2099 222 2160 Si
237 2099 376 2176 igiturne
389 2099 510 2157 virtutes
524 2097 655 2176 quidem,
667 2116 684 2155 a
696 2096 814 2175 reliquis
828 2096 1012 2175 philosophis
1029 2110 1174 2175 tantopere

152 2194 323 2266 celebratae,
342 2196 454 2253 ratione
472 2214 544 2253 vero
565 2207 760 2253 consentanea
781 2192 894 2251 laudari
918 2193 1050 2271 possint,
1072 2193 1129 2250 nisi
1145 2190 1174 2249 ad

152 2294 333 2370 voluptatem
348 2291 526 2361 reserantur,
546 2290 628 2367 sique
648 2290 783 2367 voluptas
798 2289 860 2347 sola
876 2308 930 2347 nos
950 2288 1052 2346 invitet
1065 2289 1175 2347 alliciat·

153 2410 211 2468 qne
228 2409 282 2467 per
295 2409 371 2458 sese,
391 2401 421 2446 et
433 2401 538 2445 natura
551 2407 618 2455 sua;
633 2401 744 2445 certum
766 2407 844 2457 csse,
860 2400 1021 2445 extremum
1036 2385 1175 2444 bonorum

156 2486 358 2563 inuoluptate
381 2485 470 2562 poni,
492 2484 635 2563 beateque
660 2485 780 2558 rivere,
804 2484 880 2542 idem
896 2504 974 2551 esse,
998 2483 1097 2561 quod,
1117 2502 1176 2541 cum

154 2582 304 2659 voluptate
319 2582 432 2653 vivere,
457 2587 473 2653 ς
487 2581 582 2651 54.1ιι
598 2582 667 2659 ipsis
681 2581 770 2658 igitur
787 2579 894 2639 finibus
908 2578 1055 2638 bonorum
1071 2593 1102 2638 ct
1119 2598 1177 2637 ma-

153 2679 265 2749 lorum,
289 2677 319 2734 in
338 2677 488 2755 voluptate
510 2689 597 2754 atque
615 2676 734 2748 dolore,
760 2695 888 2734 errorem
904 2694 966 2733 esse
987 2674 1119 2746 nullnm;
1134 2672 1177 2733 scd

154 2776 185 2833 in
200 2774 247 2833 his
259 2775 389 2852 peccari,
402 2772 482 2852 qnod
495 2774 643 2844 nesciant,
656 2772 733 2831 unde
747 2772 808 2830 haec
822 2772 994 2830 efficiantur.
1007 2772 1105 2828 Animi
1118 2771 1177 2849 qui·

153 2870 221 2931 dem
234 2871 396 2949 voluptates
409 2883 439 2928 et
453 2868 583 2936 dolores,
596 2889 633 2926 ex
646 2868 749 2927 iisdem
769 2868 902 2945 corporis
921 2868 1009 2938 oriri,
1028 2866 1079 2925 sed
1096 2867 1180 2925 animi

154 2972 247 3031 mnlto
262 2973 386 3049 majores
403 2990 481 3041 esse,
507 2989 596 3047 qnam
618 2969 760 3047 corporis.
786 2972 917 3045 Corpore
939 2966 1017 3024 enim
1035 2967 1111 3024 nihil
1130 2965 1180 3023 nisi

155 3088 280 3148 praesens
290 3068 409 3139 sentiri3
421 3067 519 3124 animo
529 3065 675 3143 praeterita
688 3066 775 3123 etiam
787 3077 818 3123 et
831 3065 929 3123 sutura
942 3086 949 3119 ι
964 3062 1033 3121 inde
1048 3082 1181 3141 magnum

155 3179 186 3224 et
193 3165 348 3243 voluptati,
362 3177 392 3222 et
404 3163 500 3222 dolori
516 3162 632 3241 pondus
646 3162 794 3234 accedere,
803 3160 839 3220 ad
850 3161 940 3219 vitam
950 3159 1065 3218 beatam
1076 3162 1184 3238 pariter

120 3292 123 3297 Δ
154 3276 242 3340 atqne
256 3263 405 3333 miseram,
420 3266 435 3332 ς
450 3259 578 3318 55-58.

195 3365 239 3419 lta
261 3379 424 3438 apparere,
447 3357 595 3436 quomodo
616 3358 776 3435 Epicurus,
806 3375 893 3433 quem
919 3374 1002 3413 secus
1029 3354 1184 3412 sentientes

157 3456 358 3535 voluptatibus
377 3456 462 3514 nimis
478 3455 608 3513 deditum
622 3454 733 3525 dicant,
746 3468 826 3511 recte
837 3451 1015 3522 contendat,
1027 3472 1086 3509 non
1101 3473 1185 3530 posse

153 3552 284 3632 jucunde
297 3555 372 3620 vivi,
391 3551 447 3608 nisi
462 3551 623 3628 sapienter,
641 3550 780 3618 honeste,
797 3549 891 3623 juste,
915 3561 1002 3625 atque
1015 3547 1080 3605 rice
1094 3568 1185 3606 versa.

156 3655 223 3711 Non
239 3649 323 3707 beate
333 3648 431 3705 vivere
445 3648 522 3706 enim
537 3648 682 3705 civitatem
697 3647 728 3703 iu
743 3645 903 3715 seditione,
924 3645 955 3701 in
971 3643 1120 3702 discordia
1133 3644 1186 3702 ‹lo-

155 3766 253 3813 mum·,
277 3764 384 3826 posse:
403 3744 495 3803 multo
514 3745 609 3803 minus
624 3744 752 3801 animum
768 3763 785 3800 a
808 3762 870 3800 sese
887 3742 983 3819 ipsum
998 3740 1187 3799 dissidentem

157 3846 217 3905 ulla
231 3845 351 3903 sincerae
363 3843 522 3921 voluptatis
536 3855 618 3920 parte
633 3842 701 3900 lrni.
715 3840 813 3901 Animi
830 3838 957 3911 morbis,
983 3838 1012 3896 id
1029 3852 1088 3909 est,
1102 3839 1186 3917 cupi-

158 3940 296 4001 ditatibus
310 3940 460 4009 inanibus,
472 3939 661 4018 egritudine,
672 3957 812 4008 moerore,
828 3955 944 3994 omnem
958 3934 1110 4014 prohiberi
1124 3936 1188 3992 vitae

154 4037 382 4118 jucunditatem,
405 4037 547 4114 exciliqne
568 4036 613 4096 itis
637 4036 758 4095 animos.
782 4035 910 4095 Stulttnn
926 4047 1021 4091 antem
1039 4050 1188 4109 quemque
