2656 4792
33 296 37 301 ’
114 367 160 413 20
459 341 837 411 rurnonuorro.

111 464 173 530 aim
192 476 305 526 monet
317 459 488 550 (t),finem
505 483 566 550 pro
581 482 729 543 summ0‚
746 462 798 526 vel
816 461 948 544 ultimo,
966 464 1016 527 vel
1035 478 1174 528 extremo

110 569 219 659 ponit,
235 584 268 632 et
283 566 363 632 nihil
378 567 514 655 impedit
527 589 594 655 quo
606 567 732 649 minus,
750 583 789 631 ut
805 585 856 633 est
869 591 1025 632 summum
1039 593 1084 632 ex
1094 569 1176 632 rebus

111 674 313 764 expetendis,
342 673 386 737 ita
411 675 453 736 sit
478 686 650 736 attentum
673 671 838 737 malorum.
864 675 972 738 Immo
998 698 1049 738 res
1078 676 1124 738 sic
1146 698 1176 738 se

111 803 245 869 prorsus
263 778 377 860 habet3
402 798 477 839 uam
496 783 698 866 perspicuum
718 792 765 842 est
781 779 929 841 bonorum
938 781 1063 865 finibus
1079 779 1176 842 niolo-

110 909 180 953 rum
180 888 269 973 fines
290 906 357 948 esse
371 887 549 947 contrarios
564 882 621 972 (a).
645 884 755 966 Quare
773 884 799 947 si
813 885 962 973 voluptas
979 908 1055 949 oum
1078 886 1177 948 hone-

82 1043 85 1047 .
110 1008 208 1074 state,
229 987 320 1079 quod
337 989 484 1077 Callipho
497 990 619 1070 voluit,
634 991 676 1054 sit
691 991 856 1055 bonorum
871 990 965 1074 finis,
993 990 1091 1055 dolor
1104 1013 1176 1053 curu

109 1097 283 1163 vitiositate
304 1091 376 1157 finis
402 1110 451 1158 est
475 1096 661 1160 malorum:
679 1096 729 1160 sin
746 1094 787 1159 ad
802 1095 1014 1160 indolentiam
1032 1112 1064 1160 et
1077 1096 1179 1159 hone·

110 1218 225 1268 statem
243 1223 319 1264 cum
334 1198 481 1264 Diodoro
499 1201 667 1266 bonorum
684 1224 812 1266 summa
830 1204 1007 1283 referatur,
1028 1201 1180 1265 molestiae

110 1307 212 1374 dubio
228 1306 344 1396 procul
361 1322 393 1370 et
408 1307 574 1371 vitiositati
591 1323 640 1372 est
655 1306 845 1397 assignanda
858 1313 1019 1372 malorum
1031 1329 1179 1372 summa:

108 1413 261 1500 idemque
273 1410 432 1493 judicium
446 1411 487 1476 de
500 1414 632 1501 reliquis
649 1414 710 1478 hac
723 1414 759 1478 in
771 1438 807 1478 re
816 1414 1092 1504 philosophorum
1110 1437 1181 1478 sen·

110 1519 220 1583 tentiis
237 1516 419 1584 ferendum.
445 1517 514 1583 Nec
533 1519 621 1584 solus
639 1518 764 1584 Tullius
790 1520 845 1585 tali
868 1536 1029 1609 potestate
1045 1518 1181 1583 verbum

99 1626 183 1713 finis
201 1623 353 1704 donarit,
376 1622 434 1687 scd
463 1625 573 1720 etalii
599 1626 719 1715 plures.
744 1625 855 1691 Sencc.
876 1626 969 1713 epist.
989 1625 1054 1712 78:
1079 1625 1182 1688 «Tan-

111 1746 183 1795 tum
211 1744 351 1793 mortem
380 1726 566 1795 desinamus
592 1731 737 1796 horrere.
768 1731 963 1795 Desinemus
992 1747 1121 1809 autem,
1154 1730 1178 1792 si

112 1834 194 1900 fines
208 1834 375 1899 bonorum
393 1857 430 1899 ac
447 1837 608 1899 malorum
627 1836 888 1925 cognoverimus.
909 1838 956 1901 lta
973 1835 1108 1900 demum
1126 1856 1183 1897 nec

111 1941 176 2005 vita
193 1939 289 2005 taedio
302 1941 380 2021 erit,
395 1962 456 2005 nec
474 1964 561 2006 mors
574 1942 715 2005 timori».
728 1942 892 2030 Apuleius,
907 1942 999 2030 Apol.
1014 1964 1086 2029 pag.
1103 1940 1182 2020 426:

112 2048 255 2111 «Utrum
267 2045 367 2135 igitur
378 2063 473 2136 putas
485 2047 640 2128 majorem
652 2070 763 2112 curam
775 2046 900 2112 decoris
912 2047 1183 2138 suscipiendam...

114 2153 157 2218 de
186 2153 305 2217 finibus
335 2176 488 2243 agrorum
511 2154 665 2243 litiganti,
690 2177 731 2217 an
759 2152 799 2217 de
827 2152 947 2217 linibus
968 2154 1185 2216 bonorumet

115 2261 277 2325 malorum
291 2258 462 2323 docenti?»
477 2259 674 2341 Quinetiam
688 2260 788 2324 Stoici
803 2258 848 2347 (3)
865 2275 1058 2323 vintoniensis
1075 2257 1185 2321 merui·

117 2380 254 2445 nerunt,
276 2386 379 2451 eaque
395 2375 446 2433 τοῖς
463 2376 596 2434 ποιητικοῖς
615 2363 766 2446 adjuncta
783 2375 826 2431 τὴν
843 2368 1036 2443 κακοδαιμονίαν
1062 2373 1186 2426 incastris

118 2484 269 2534 statuere.
287 2467 427 2555 Scaliger
443 2467 554 2555 itaque
572 2484 664 2556 pater
679 2468 739 2533 sibi
759 2469 832 2557 plus
848 2491 947 2556 quam
966 2490 1025 2555 par
1048 2483 1118 2530 erat
1134 2466 1186 2529 tri·

120 2575 210 2656 buit,
224 2597 329 2662 quum
351 2575 468 2639 latinos
492 2575 664 2664 scriptores
679 2576 779 2640 latine
803 2576 895 2664 loqui
917 2575 1084 2641 docendos
1103 2592 1190 2664 puta·

118 2683 211 2746 verit.
222 2682 261 2745 ln
275 2678 391 2745 eodem
404 2697 514 2745 tamen
525 2703 635 2746 errore
645 2698 790 2748 versatus
804 2697 853 2745 est
866 2680 912 2747 Μ.
923 2685 962 2747 Α.
976 2682 1127 2745 Muretus
1137 2678 1190 2767 (t).

159 2900 197 2961 (ι)
216 2898 613 2960 videtin.1,t,9;111‚7‚1a.

160 2987 198 3049 (a)
216 2986 295 3037 Aotd.
306 2989 346 3045 ll,
357 2995 388 3042 ka
398 3023 406 3048 ,
418 2987 460 3041 ts.

161 3076 199 3136 (3)
218 3074 281 3121 Vide
289 3073 425 3137 Diogenem
437 3072 570 3128 het-tium,
579 3074 639 3131 vn,
653 3088 699 3135 97,
711 3084 736 3122 et
747 3073 781 3121 ibi
792 3073 943 3137 Mentgium.

163 3164 200 3225 (4)
218 3165 276 3210 Ver.
287 3165 353 3211 Lect-
363 3163 453 3221 xvn,
465 3177 488 3210 ι.
