2656 4792
432 371 809 440 aacuuuuruu.
1110 396 1152 466 η
1212 385 1217 392 ·

120 497 223 574 aliquo
235 505 315 552 aerte
327 489 496 550 morborum
508 492 630 551 istorum
640 510 702 550 esse
714 510 822 570 aegrum
832 535 841 563 ,
852 504 938 569 atque
951 493 991 550 ita
1003 494 1153 552 miserum:

123 594 287 672 sapientem
302 603 405 650 contra
419 610 534 669 semper
546 589 683 662 beatum,
698 596 714 662 ς
728 589 855 673 did-61.
869 593 938 648 Haec
955 589 1070 650 tradere
1084 592 1157 669 Epi-

122 708 230 750 cureos
250 688 354 747 melius
377 689 562 765 rectiusque,
582 706 669 766 φιιιιι
686 688 815 758 διοίσω,
832 687 883 764 qui
909 687 1024 746 honesti
1040 688 1157 747 nomine

124 791 244 849 inanem
256 787 413 865 quamdam
427 786 559 845 umbram
573 786 688 844 rimatis
703 786 949 864 complectantur,
974 806 1064 864 quum
1084 786 1159 844 hanc

125 886 165 945 ad
190 885 278 945 beate
292 883 451 943 vivendum
470 904 500 942 se
523 884 586 962 ipsa
604 895 768 941 contentam
785 895 920 942 statuant.
938 883 1008 941 litos
1021 885 1158 942 virtutem

125 981 253 1042 solidam
270 981 428 1060 quamdam
447 1000 509 1039 rem
529 982 635 1051 facere,
659 979 758 1038 addita
780 981 946 1058 roittptate,
967 993 1025 1057 qtta
1045 980 1159 1058 sapiens

126 1098 286 1157 numquam
297 1091 404 1137 careat.
418 1083 503 1138 Hunc
516 1077 611 1149 euim,
627 1097 718 1155 quum
730 1078 877 1154 praeterita
889 1092 969 1155 grate
983 1078 1161 1149 meminerit,

126 1174 320 1254 praesentibus
341 1177 467 1246 fruatur,
492 1176 590 1233 sutura
610 1195 668 1232 nou
685 1174 799 1245 timeat,
820 1173 1038 1246 rabidissime,
1054 1176 1161 1253 quibus

126 1275 285 1332 stultorum
295 1274 354 1330 vita
368 1284 530 1343 evertatur,
543 1271 643 1330 abesse
655 1272 830 1349 plurimum:
845 1273 885 1329 ita
901 1292 981 1329 suam
995 1272 1083 1330 vitam
1095 1294 1160 1331 eum

127 1391 163 1430 ea
176 1372 301 1430 istorum
312 1382 542 1447 comparantem,
558 1389 660 1447 magna
677 1370 826 1447 voluptate
845 1369 942 1440 affici,
964 1369 1035 1427 nihil
1053 1369 1160 1428 doiori-

127 1465 201 1537 bus,
220 1469 246 1524 si
263 1467 314 1544 qui
330 1467 495 1532 incurrant,
515 1466 697 1542 interrtrpta;
711 1485 825 1542 semper
839 1465 915 1522 enim
931 1467 997 1543 pius
1011 1486 1088 1539 esse,
1101 1487 1160 1544 quo

128 1563 273 1642 gaudeat,
290 1583 377 1640 quam
393 1582 452 1639 quo
468 1575 600 1639 angatur,
616 1568 630 1632 ς
647 1563 775 1620 6ι-65.

170 1662 361 1716 Βιὶιὶεετίεαπι
374 1671 484 1728 autem,
496 1657 533 1715 de
549 1678 607 1735 qua
622 1657 711 1715 Stoici
728 1657 783 1714 sibi
799 1659 919 1715 muitum
936 1657 1081 1729 tribuant,
1094 1660 1163 1736 Epi-

130 1776 235 1814 curum
255 1756 350 1813 minus
372 1773 504 1824 curasse,
525 1773 615 1830 quum
627 1772 690 1810 eam
704 1773 799 1829 neque
815 1752 851 1809 ad
866 1753 968 1811 melius
985 1754 1161 1824 vivendum,

129 1872 227 1930 neque
240 1854 276 1910 ad
289 1851 469 1909 commodius
485 1849 685 1908 disserendum
698 1850 857 1927 quidquam
870 1851 1004 1908 conferre
1014 1850 1161 1937 judicarit.

127 1954 343 2027 Physicawvero
359 1967 424 2006 eum
443 1959 575 2004 accurate
593 1947 734 2017 coluisse,
760 1948 869 2024 quippe
884 1968 948 2024 quae
967 1949 1097 2007 omnium
1113 1969 1162 2006 re-

133 2069 198 2107 rum
211 2058 347 2105 naturam
364 2043 496 2111 tradant,
511 2043 746 2121 superstitionem
760 2044 918 2119 mortisque
930 2057 1036 2101 metum
1052 2045 1163 2114 tollant,

131 2155 368 2219 monstrantque,
381 2160 446 2218 quae
458 2153 562 2197 tratura
576 2138 730 2196 desideret.
745 2144 856 2197 Natura
870 2155 965 2197 autem
981 2161 1078 2198 rerum
1094 2162 1163 2220 per·
1231 2162 1235 2169 ·

135 2254 247 2321 specta,
271 2240 421 2296 veritatem
447 2256 565 2314 quoquc
585 2255 720 2293 sensuum
742 2236 883 2312 perspici,
907 2256 964 2313 qua
990 2236 1106 2296 demum
1129 2258 1164 2295 ex

136 2338 256 2416 Epicuri
279 2336 390 2393 ratione
414 2333 552 2411 probata,
574 2332 708 2409 cognosci
732 2331 841 2409 aliquid
869 2334 1038 2411 percipique
1063 2334 1163 2412 possit.

136 2430 309 2508 cognitione
328 2449 400 2485 vero
418 2425 551 2497 sublata,
576 2445 693 2482 omnem
713 2438 741 2482 et
758 2427 823 2483 vitae
838 2425 994 2503 degendae,
1020 2440 1050 2484 et
1067 2447 1162 2485 rerum

137 2525 330 2607 gerendarum
356 2525 497 2582 rationem
519 2524 627 2595 tolli‚§
650 2522 777 2580 63-65.

175 2619 312 2696 Relinqui
328 2619 424 2676 locum
439 2615 476 2673 de
491 2618 641 2685 amicitia,
660 2635 746 2692 quam
763 2615 920 2673 adversarii
943 2616 1006 2673 tolli
1020 2629 1164 2687 statuant,

138 2717 286 2794 voluptate
308 2729 340 2773 ut
356 2734 500 2772 summum
519 2711 629 2771 bonurn
646 2712 780 2781 defensa,
806 2733 892 2789 quam
911 2727 1006 2770 tamen
1023 2714 1165 2792 Epicurus

141 2813 175 2872 ad
191 2812 278 2871 beate
297 2811 454 2869 vivendum
467 2811 596 2868 omnium
612 2810 735 2868 maxime
750 2810 939 2866 necessariam
952 2824 981 2867 et
1001 2809 1119 2883 dixerit,
1137 2825 1167 2869 et

141 2909 197 2968 vita
211 2909 351 2988 factisque
357 2906 598 2985 probaritQuum
606 2907 683 2964 euim
697 2906 752 2962 tria
765 2905 852 2962 modo
861 2906 984 2963 exomni
995 2907 1166 2984 antiquitate

142 3006 300 3066 amicorum
317 3007 398 3085 paria
420 3017 630 3076 memorentur,
652 3005 733 3062 idum
749 3004 778 3060 in
793 3024 879 3061 tinam
894 3017 1099 3082 angustamque
1113 3003 1168 3061 do-

143 3118 219 3157 mum
230 3116 347 3175 magnas
353 3098 521 3155 intimorum
529 3099 687 3155 amicorum
697 3110 825 3154 catervas
835 3103 1053 3174 congregamus
1062 3097 1111 3168 65,
1119 3098 1166 3155 66.

143 3196 290 3275 Disputari
304 3207 400 3254 autem
415 3195 569 3273 tripliciter
583 3194 619 3253 ab
635 3195 787 3272 Epicureis
801 3194 837 3252 de
851 3194 985 3255 amicitia.
998 3195 1078 3252 Alios
1090 3194 1167 3252 nolle

145 3295 304 3371 voluptates
313 3293 472 3350 amicorum
482 3313 535 3370 per
546 3312 576 3349 se
585 3293 661 3370 ipsas
674 3305 731 3350 tam
744 3292 928 3370 expetendas,
940 3312 1026 3369 quarn
1040 3306 1167 3351 nostras:

146 3405 270 3448 nostram
279 3390 366 3458 enim,
374 3402 407 3446 ut
415 3390 445 3446 in
453 3388 623 3456 virtutibus,
636 3389 715 3446 sicin
726 3389 850 3446 amicitia
862 3408 914 3446 uos
924 3403 1022 3466 petere
1031 3391 1168 3467 volupta-

147 3499 208 3559 tem,
218 3507 278 3545 uon
291 3488 423 3545 alienam.
431 3486 487 3547 Sed
500 3486 590 3564 ipsam
601 3487 755 3544 amicitiam
765 3487 864 3545 intime
874 3507 939 3544 cum
946 3488 1096 3564 voluptate
1107 3508 1168 3546 esse

147 3586 342 3664 conjunctam,
358 3597 386 3643 et
406 3585 488 3642 firme
508 3584 544 3642 ab
566 3584 621 3641 hac
641 3584 824 3665 sustentari,
838 3597 869 3641 ut
892 3585 1051 3642 amicorum
1071 3585 1169 3643 iaetitia

147 3695 192 3742 aut
208 3682 337 3754 tristitia,
349 3702 430 3759 aeque
443 3702 476 3739 ac
490 3695 589 3739 nostra
601 3681 790 3757 gaudeamus,
805 3681 997 3752 doleamusve,
1012 3687 1027 3754 S
1042 3683 1168 3758 66.-69.

148 3779 240 3850 ttius,
249 3799 331 3837 secus
345 3777 526 3835 sentientium
540 3777 671 3834 convicia
681 3776 903 3835 reformidantes
913 3778 1071 3855 ,ingressus
1082 3778 1169 3836 modo

149 3875 276 3933 amicitiae
296 3876 446 3952 voluptate
466 3873 551 3952 dirigi
574 3874 664 3944 vette;
684 3872 750 3945 sed,
774 3894 826 3931 usu
849 3873 1019 3945 accedente,
1042 3894 1169 3932 amorem

150 3969 185 4029 ita
201 3971 320 4050 augeri,
334 3984 367 4029 ut
384 3970 468 4028 amici
489 3983 611 4048 propter
625 3990 655 4026 se
669 3970 747 4046 ipsos
762 3984 894 4027 amentur
910 3992 915 4024 :
934 3968 1020 4047 idque
1034 3970 1128 4047 ipsum
1142 3971 1169 4026 in

152 4065 232 4127 rebus
254 4068 300 4127 rel
320 4067 403 4139 aliis,
427 4064 533 4145 quibus
547 4066 778 4136 adsueverimns,
806 4086 859 4125 usu
875 4066 981 4124 venire.
998 4066 1076 4125 Alios
1091 4065 1172 4124 deni-
