2656 4792
115 363 167 447 ,34
461 365 510 431 Μ.
535 363 574 430 Τ.
601 364 846 434 CICERONIS

117 511 193 582 quo
211 481 568 563 Liciniusefetreum
590 488 841 581 scriptoremn:
863 508 1008 568 verum‚·
1028 486 1173 581 opinom

109 601 319 696 scriptorem
351 613 469 668 tamen
485 608 531 682 ¹⁰,
555 612 598 668 ut
623 597 797 696 legendus
828 600 884 669 sit.
913 598 1054 669 Rudem
1083 604 1170 668 enim

109 734 186 781 esse
208 711 399 779 omuino¹¹
427 710 464 777 in
486 711 618 778 nostris
640 711 775 806 poetis,
797 724 859 780 aut
878 710 1103 780 inertissimae
1124 735 1171 779 se·

110 820 230 918 gnitioe
252 832 327 905 est,
359 832 422 887 aut
441 815 572 889 fastidii
591 818 843 891 delicatissimi.

157 929 247 1000 Mihi
272 926 420 1024 quidem
442 929 533 999 nulli
557 934 639 999 satis
668 931 798 1001 eruditi
823 930 1008 1018 videntur,
1041 930 1168 1027 quibus

110 1054 233 1110 nostra
253 1039 376 1134 ignota
395 1049 534 1109 sunt¹².
552 1032 670 1126 An¹³‚

151 1241 311 1289 10.F0rrettm
325 1234 508 1303 scriptorem...
523 1239 624 1303 scripto·
670 1251 721 1300 est,
743 1256 795 1288 essu
821 1256 890 1304 teque
907 1241 1011 1304 positum
1031 1257 1100 1299 esse,
1117 1241 1174 1300 sesi

113 1337 163 1369 rem
173 1320 342 1374 tamemlisso,
350 1315 625 1383 utsesquitroohsicum,
668 1319 727 1367 alias
736 1319 762 1366 in
771 1319 891 1366 enuntiati
897 1317 1004 1367 clausola
1019 1320 1091 1366 solet,
1101 1317 1174 1365 Verbi

113 1399 227 1450 distinxit
249 1398 333 1446 Deris.
361 1407 460 1445 suetore
483 1398 573 1445 Vossio
595 1396 626 1444 de
668 1395 1174 1466 enim,innostn'spoetis‚qussilseipsspos

113 1481 195 1528 coss.
216 1479 280 1525 Lett.
297 1491 353 1540 pag.
373 1477 432 1524 232.
450 1479 488 1524 Its
509 1491 582 1533 sene,
605 1475 626 1523 si
669 1475 838 1534 additum,
860 1476 892 1524 sd
905 1475 1048 1524 sententium
1062 1475 1094 1523 sb
1108 1475 1177 1524 embi-

114 1557 189 1623 pedes
203 1572 321 1603 numeres.
345 1554 394 1602 Sed
419 1566 470 1602 tom
484 1554 626 1601 seutentiam
670 1554 959 1618 guitstedesendendsm.
973 1557 1003 1603 G.

115 1635 225 1684 suntilssn
247 1634 354 1683 dedisset
377 1646 474 1682 suctos.
499 1635 577 1693 Nuus,
598 1643 626 1681 nt
708 1649 747 1682 su.
762 1636 829 1681 Sunt.
843 1633 957 1697 Infringit
974 1634 1033 1682 Em.
1055 1634 1107 1680 visu
1126 1649 1177 1680 ses·

116 1714 189 1764 verbs
202 1724 304 1774 sonent,
321 1729 413 1761 scenss.
419 1711 531 1777 semum
545 1711 626 1775 script·
670 1713 766 1772 tentia,
785 1713 805 1759 si
818 1711 880 1773 sint,
900 1723 1034 1776 prosunt,
1054 1711 1176 1775 legendnm

35 1856 39 1863 Ι
116 1793 148 1842 sd
160 1792 233 1840 slinsu
243 1808 313 1856 quem
327 1791 446 1839 referendi
458 1802 514 1839 sunt
528 1824 536 1850 ,
553 1806 626 1854 quesn
670 1791 764 1841 suadet.
778 1793 811 1839 G.

117 1886 173 1936 qun
184 1870 315 1919 adduntur.
324 1871 424 1918 Rectius
433 1870 507 1934 igitur
517 1869 626 1932 vulgate,
709 1872 749 1919 13.
764 1871 804 1917 An
822 1903 863 1918 ...
876 1905 882 1916 .
896 1885 972 1934 quam
985 1867 1109 1917 leonidem
1120 1886 1178 1935 μιν·

118 1950 542 2016 qunillsmodoLiclulovindicst:
555 1960 628 2013 etque
670 1965 749 1996 cum.-
836 1964 886 1995 son
902 1947 1011 2012 placebit
1027 1948 1126 1998 iseme?
1147 1952 1179 1996 lts

119 2031 146 2079 ld
157 2032 256 2095 quidem
274 2030 312 2078 vel
329 2030 363 2077 ob
376 2029 457 2087 enim,
481 2044 536 2092 qua
550 2029 629 2091 sequi·
672 2027 800 2091 legendum
821 2042 872 2075 esse
891 2027 1052 2074 certissimum
1075 2041 1121 2077 est.
1143 2034 1178 2075 Au

120 2122 168 2159 tut.
181 2111 230 2159 Sed
249 2110 361 2174 proxime
385 2110 474 2157 sectius
500 2108 629 2171 iutespuu·
672 2106 881 2170 quidemsoluse
899 2108 988 2153 nostris
1006 2106 1073 2169 Spie.
1095 2107 1180 2161 haben

121 2188 197 2252 peuda
212 2188 339 2248 videntur,
359 2203 435 2251 quum
450 2187 542 2248 vulgo,
563 2200 629 2230 ave·
673 2185 716 2232 sed
730 2185 804 2233 idem
824 2185 874 2232 duo
896 2185 1006 2232 lambini
1029 2185 1179 2242 referebant,

108 2283 189 2331 ‚suum
204 2267 462 2330 opinoe3scriptotsm
471 2273 628 2320 temen‚ut·.
673 2280 703 2312 ex
715 2265 814 2328 ingenio
839 2263 1059 2312 commendetuma
1074 2266 1178 2312 Museto.

124 2349 215 2392 Verum
228 2353 310 2390 tanen
323 2343 460 2395 coherent.
475 2341 512 2389 vel
521 2341 580 2387 slibi
592 2357 631 2387 se·
674 2346 753 2405 Quem
772 2344 846 2405 igitur
869 2353 931 2407 past.
956 2358 1013 2390 cnm
1037 2345 1121 2391 Davis.
1135 2359 1178 2407 pro

121 2423 224 2487 pentius
238 2422 342 2485 positu,
362 2422 397 2469 sic
420 2433 446 2469 ut
465 2436 538 2467 voces
556 2420 631 2466 intes·
674 2422 741 2485 vulg.
756 2423 1008 2484 atreoepisset.rsete
1020 2423 1119 2484 sequuti
1130 2432 1182 2469 sunt

120 2504 193 2562 iectu
206 2500 631 2561 majoricidicentur.Vsrc.Il‚tt‚
674 2501 732 2547 Ero.
747 2510 771 2546 et
784 2501 864 2547 Bcemi
887 2498 952 2547 :sed
968 2514 1020 2546 nou
1040 2509 1089 2545 tam
1112 2516 1181 2564 segn-

128 2596 174 2628 ιοι
193 2596 200 2627 t
214 2601 227 2620 α
236 2579 303 2626 Mela
315 2589 339 2626 et
352 2579 461 2644 inptolss
476 2577 630 2634 defensione,
674 2578 843 2635 mutationis,
858 2594 930 2641 quem
943 2579 1134 2626 constructionis
1147 2596 1182 2625 n·

125 2673 209 2706 verum
218 2657 297 2721 alique
308 2668 399 2715 temen,
408 2658 444 2705 nti
454 2656 558 2712 videtur,
568 2665 633 2701 etc.»
675 2658 742 2705 tione
761 2659 797 2705 sie
814 2658 925 2716 jubente.
945 2657 1107 2720 Respondent
1122 2659 1181 2704 euim

125 2737 192 2786 stibi
202 2738 254 2800 ipse
263 2746 348 2784 unctor
356 2737 468 2785 Attilium
478 2733 632 2783 durissimum
676 2737 762 2785 sihian
771 2771 778 2794 ‚
788 2746 813 2783 st
821 2752 869 2783 non
883 2735 1034 2800 tpodoseus,
1047 2751 1094 2799 pto
1104 2752 1182 2783 annos

123 2827 222 2878 poetam
234 2827 306 2864 voest
315 2832 323 2873 ς
333 2816 366 2865 cl.
378 2818 432 2863 Ao.
447 2816 508 2862 tttv
518 2849 525 2871 ,
536 2830 575 2878 ep.
590 2828 632 2861 uo.
680 2850 704 2862 ..
717 2850 722 2862 .
738 2831 820 2862 nonne
832 2816 929 2877 positte,
938 2826 965 2861 nt
977 2815 1117 2877 stepissims.
1129 2818 1182 2862 sm·

125 2895 182 2942 Post
194 2894 333 2955 scriptorem
352 2904 430 2942 sutem
444 2892 562 2941 excidisse
578 2907 633 2938 eum
677 2894 750 2942 debut
771 2892 869 2957 quidem
899 2893 1037 2957 nuperrime
1065 2893 1105 2940 vir
1131 2909 1182 2940 seue

122 2972 260 3033 judicemus
273 2987 280 3021 :
294 2976 326 3021 ita
339 2975 403 3020 euim
417 2973 462 3020 hsc
476 2972 501 3018 iu
513 2981 633 3018 structure
677 2972 845 3029 doctissimus,
858 2994 870 3012 ι·
880 2973 914 3019 At
928 3005 934 3017 .
946 3004 970 3019 ..
985 2987 1131 3035 quemquam
1140 2973 1182 3018 hoc

126 3055 425 3117 perpetuomors.cioero.
439 3051 516 3114 ldqns
528 3049 560 3096 ob
570 3064 633 3114 prte-
675 3052 711 3100 id.
727 3074 738 3094 ι
752 3061 780 3098 nt
794 3047 815 3108 ξ.
831 3051 924 3115 ptcbet
937 3066 944 3099 ε
958 3051 1000 3097 sed
1015 3063 1042 3098 ut
1054 3051 1094 3098 vel
1108 3052 1143 3097 sic
1154 3054 1183 3097 At

125 3131 180 3179 oed,
198 3132 255 3195 syll.
270 3147 299 3181 ex
318 3146 399 3195 comp.
415 3130 528 3177 facillime
546 3128 635 3192 negligi
677 3133 757 3179 minus
775 3131 942 3178 oonsecutioni
966 3132 1048 3189 lavet,
1069 3133 1100 3178 its
1123 3141 1182 3194 pert.

125 3211 216 3274 potnit.
231 3211 264 3259 G.
676 3226 778 3273 quamq.
808 3210 868 3257 nihil
895 3225 958 3273 opus
984 3219 1040 3270 est,
1056 3224 1132 3272 quum
1147 3225 1182 3254 vv.

164 3303 203 3336 tt.
216 3288 305 3336 liudem
314 3287 377 3335 enim
386 3303 437 3335 esse
448 3286 555 3333 omniuo.
568 3285 633 3334 oud.
678 3287 834 3336 nihilomiuus
856 3288 977 3353 legimus,
1001 3304 1100 3352 quum,
1126 3288 1182 3335 iden

125 3383 141 3414 s
159 3365 258 3413 mnino
273 3368 386 3431 ignoret,
403 3364 471 3430 quod
488 3365 522 3413 ob
545 3363 634 3411 verbo-
677 3368 760 3432 qnod,
779 3383 849 3432 oequs
864 3369 965 3431 placem
979 3377 1068 3430 atque,
1085 3368 1182 3424 valeant,

124 3443 634 3509 mm,qnsesequuntur‚grsvitsteusbsud
677 3447 810 3496 Refereuds
835 3445 888 3493 htec
915 3456 971 3493 sunt
997 3445 1027 3492 sd
1054 3445 1094 3492 ills
1122 3446 1181 3510 st,

123 3536 188 3572 reete
200 3523 352 3588 probabitur.
361 3523 475 3570 Vidimus
483 3523 555 3570 etism
567 3521 633 3569 huno
676 3541 775 3589 «quum
788 3525 862 3572 iidem
872 3524 970 3572 lsbellss
980 3525 1039 3572 Gr..
1051 3557 1076 3572 ..
1090 3525 1180 3571 nonin

123 3602 180 3651 ood.
197 3605 227 3665 iu
246 3603 332 3651 omissa
353 3616 414 3650 voce
432 3601 527 3659 omum,
551 3602 633 3647 nescio
677 3605 722 3653 viti
733 3604 843 3669 legunt».
860 3606 922 3667 Qun
938 3614 1017 3651 sutem
1026 3604 1065 3650 his
1079 3605 1179 3666 interpo

123 3682 194 3740 onius
205 3682 344 3755 compendii
360 3681 449 3745 culpe,
472 3679 537 3727 haud
559 3680 631 3727 semel
677 3685 803 3741 simunt,
825 3695 925 3732 esrecte
933 3682 1002 3746 qussi
1011 3686 1179 3750 παρινθιτικῖκ

121 3775 230 3822 peccare.
261 3761 374 3809 Esmdesn
398 3775 484 3807 vocem
506 3761 538 3807 G.
561 3774 571 3805 1
607 3770 631 3805 et
675 3763 762 3809 inserts
784 3761 943 3825 putabuntur.
967 3764 1002 3809 De
1024 3763 1081 3825 ipso
1109 3772 1179 3808 auten

119 3839 191 3890 Vien.
205 3850 260 3903 post
278 3840 365 3887 uostris
377 3840 497 3900 rejiciunt.
507 3837 631 3886 Excidisse
674 3840 789 3887 Enniana
802 3839 896 3886 Medeae
910 3839 979 3897 loco,
992 3839 1023 3886 ab
1039 3850 1139 3886 auctore
1148 3848 1179 3883 to

120 3933 208 3982 nempe
226 3934 278 3967 esus
289 3919 406 3984 pntsbis,
427 3928 451 3966 et
463 3917 551 3966 deiude
570 3917 630 3964 fslso
676 3918 836 3971 tieslsudsto.
848 3929 935 3982 preter
944 3918 1005 3965 elios
1015 3919 1049 3965 cs.
1061 3921 1105 3981 qui
1116 3918 1179 3976 hujus

117 3996 175 4044 loco
185 3999 326 4062 sepositam.
338 3998 363 4046 Sl
372 4014 431 4046 vero
440 4009 519 4045 tssueu
529 3996 554 4043 iu
563 3998 630 4044 vocis
675 3999 807 4062 [tegmenta
820 4013 900 4061 nuper
910 3997 1008 4060 collegit
1017 3997 1118 4044 Plsuelt.
1129 4008 1176 4059 pst·

114 4073 192 4136 liujus
215 4079 297 4142 positu
323 4078 472 4136 offenderis,
495 4076 629 4124 notendnsu
677 4089 717 4136 74.
742 4079 854 4125 Ceterum
880 4076 938 4123 huic
963 4075 1019 4123 loco
1043 4077 1128 4125 similis
1145 4071 1178 4120 itte
