2656 4792
447 376 739 446 euerxmo.
1070 377 1130 470 xiij

54 513 198 609 priores
212 508 344 597 libros,
362 534 452 607 quas
475 510 568 585 God.
586 512 738 621 Rathius
760 537 870 611 supra
887 512 1038 585 laudatae
1058 512 1133 584 edi·

56 637 169 707 tionis
196 637 235 705 in
261 634 359 706 calce
383 633 538 719 addidit,
566 650 753 733 tamquam
780 636 965 736 amplioris
997 637 1132 711 laboris

51 757 193 852 jamdiu
209 758 386 855 propositi
405 771 442 828 et
461 756 623 830 inchoati
638 760 856 858 specimina;
876 760 940 831 sed
961 758 1036 831 sere
1054 764 1132 832 sine

55 1010 134 1067 rium
158 1026 271 1065 acuere.
300 1007 429 1066 Primum
457 1007 547 1087 igitur
576 1020 639 1066 erat
666 1003 842 1080 videndum,
864 1008 936 1087 quid
959 1009 1135 1090 interpretes

54 1128 146 1193 atque
166 1114 294 1174 editores
316 1117 467 1192 bucusque
489 1114 694 1193 praestiterint3
723 1114 813 1194 idque
836 1113 1025 1193 experiebar,
1053 1115 1133 1194 quod

54 1221 203 1278 neminem
223 1239 284 1278 non
306 1219 478 1278 Ernestiana
503 1231 615 1277 tantum
638 1218 768 1279 editione
790 1233 918 1279 utentem
945 1234 1135 1299 experturum

55 1347 119 1387 esse
136 1339 219 1385 certo
237 1326 370 1399 conlido,
387 1327 494 1398 multa,
510 1346 577 1404 quae
595 1326 707 1405 primus
726 1345 780 1404 ego
799 1318 1135 1386 animadvertisse'vide·

57 1432 124 1505 bar,
141 1431 202 1511 jam
221 1432 332 1492 dudum
349 1453 412 1491 esse
435 1445 595 1511 occupata,
618 1434 663 1492 rel
679 1433 716 1492 ab
735 1432 963 1510 antiquioribus,
983 1435 1136 1507 Manutio',

59 1540 206 1612 Victorio,
222 1538 381 1613 Lambino,
401 1540 447 1597 vel
464 1538 585 1611 abillo,
607 1540 659 1616 qui
677 1540 809 1618 proxime
824 1539 900 1597 banc
918 1551 1032 1599 aetatem
1051 1551 1136 1599 ante·

56 1646 156 1718 cessit,
169 1645 309 1705 Darisio:
331 1647 361 1704 in
375 1643 483 1724 quibus
498 1646 539 1704 ita
552 1644 711 1705 Lambinus
725 1647 849 1718 eminet,
870 1659 902 1704 ut
919 1646 1137 1705 emendationes

55 1751 221 1811 difficillimi
234 1752 376 1830 cujusque
388 1752 446 1810 leci
457 1771 517 1810 non
529 1751 567 1810 ab
576 1752 709 1829 ingenio,
721 1752 852 1831 quamvis
865 1772 970 1830 magno
981 1753 1136 1831 prolectas,

55 1857 110 1917 sed
133 1856 171 1917 ab
194 1858 260 1938 ipso
285 1858 428 1917 Cicerone
451 1856 572 1916 traditas
595 1857 733 1937 opineris.
756 1863 858 1935 Neque
880 1870 977 1917 tamen
1000 1859 1041 1917 ita
1064 1860 1137 1919 mihi

56 1975 164 2022 cuncta
182 1983 199 2022 e
215 1963 349 2022 manibus
365 1975 465 2042 erepta
482 1963 595 2036 inveni,
613 1977 646 2021 ut
664 1963 817 2023 consilium
836 1963 1032 2042 abjiciendum
1054 1980 1138 2044 puta·

56 2089 137 2153 rem;
149 2071 238 2128 immo
249 2089 303 2148 per
317 2068 394 2148 ipsas
407 2069 539 2127 virorum
555 2069 710 2128 doctorum
723 2072 926 2129 annotationes
939 2072 1038 2130 autad
1053 2092 1139 2141 vera,

57 2188 110 2235 aut
129 2174 167 2234 ad
188 2174 358 2234 verisimilia
377 2175 478 2233 saltem
503 2175 644 2234 deductus
667 2195 748 2249 sum,
765 2177 928 2235 attentione
946 2177 975 2234 in
994 2176 1138 2256 ejusmodi

58 2301 107 2339 res
122 2300 278 2353 conversa,
292 2300 364 2358 quas
378 2294 446 2340 ante
461 2280 508 2339 vel
524 2282 738 2361 praeterieram,
755 2283 802 2341 vel
817 2283 922 2342 leviter
936 2283 1053 2342 nonnisi
1067 2304 1138 2363 per·

56 2387 485 2466 strinxeram.1nprimisvero
504 2409 540 2446 ex
560 2389 663 2447 intima
684 2389 833 2448 Ciceronis
857 2389 1003 2449 scribendi
1025 2391 1139 2450 ratione

57 2495 150 2554 multa
165 2495 328 2554 haurienda
347 2507 442 2568 eraut,
456 2516 561 2573 quam,
584 2496 608 2554 si
626 2495 802 2556 Lambinum
819 2498 987 2576 exceperis,
1007 2498 1138 2576 reliquo-

56 2620 124 2660 rum
137 2601 329 2680 interpretum
344 2601 394 2659 vix
410 2621 484 2660 unus
502 2602 715 2680 aliquantulum
733 2603 823 2660 novit.
848 2603 998 2663 Davisium
1018 2604 1137 2683 quidem

57 2725 193 2785 magnam
218 2705 361 2765 librorum
391 2705 663 2785 philosophicorum
690 2719 803 2784 partem
829 2728 889 2765 non
914 2709 976 2767 sine
1005 2708 1139 2769 doctrina

57 2814 253 2871 illustrantem
271 2813 386 2871 mireris
403 2831 480 2891 saepe
501 2831 616 2871 omnem
638 2814 835 2873 Ciceronianae
852 2814 1006 2874 latinitatis
1021 2835 1137 2874 sensum

58 2919 99 2978 ita
114 2919 247 2988 exuisse,
268 2919 363 2977 utrix
375 2919 463 2978 ullam
475 2939 541 2977 eum
553 2920 714 2977 attentione
727 2920 863 2998 paginam
878 2921 981 2998 legisse
995 2941 1061 2980 eum
1071 2943 1138 2980 cre-

57 3029 119 3086 das
139 3025 258 3104 Aliquot
269 3025 353 3084 aunis
367 3038 434 3084 ante
449 3045 516 3083 eum
531 3027 600 3083 item
614 3027 724 3103 Anglus
738 3026 793 3083 hos
808 3024 899 3083 libros
914 3024 1047 3085 ediderat
1060 3027 1139 3087 Tho

59 3152 122 3191 mas
134 3131 297 3204 Bentleius3
310 3144 341 3189 at
353 3151 442 3209 quam
458 3131 605 3191 dissimilis
623 3133 700 3190 illius
715 3130 870 3191 Richardi!
885 3133 936 3209 qui
951 3152 1138 3212 quocumque

59 3239 88 3297 in
103 3239 249 3317 scriptore
260 3249 442 3310 versaretur,
457 3239 496 3295 nil
514 3239 569 3296 nisi
583 3239 713 3316 perlecta
727 3239 868 3314 protulit,
890 3238 1039 3298 scribendi
1052 3240 1139 3300 taedio

60 3346 161 3423 potius
181 3363 269 3423 quam
288 3342 540 3402 emendationibus
560 3364 596 3402 ex
618 3344 794 3403 feracissimo
816 3345 933 3424 ingenio
956 3347 1140 3425 proferendis

61 3451 244 3530 defatigatus.
259 3449 317 3510 Sed
333 3453 459 3509 Thomas
472 3451 513 3508 nil
531 3450 585 3508 uisi
604 3451 739 3509 evtrnculi
756 3450 905 3510 audaciam
920 3467 1060 3532 sequutus
1079 3468 1108 3513 ct
1124 3476 1140 3514 a

61 3557 197 3616 felicitate
213 3568 242 3615 et
261 3554 300 3614 ab
321 3556 454 3614 acumine
475 3554 684 3615 dissimillimus
702 3570 773 3614 erat.
796 3557 883 3629 Quod
899 3560 923 3616 si
938 3559 1064 3638 singulas
1077 3560 1141 3638 ejus

61 3664 245 3741 conjecturas
263 3674 400 3720 excutere
422 3661 595 3733 voluissem,
611 3662 666 3720 ista
689 3662 772 3720 fa'cile
789 3684 835 3722 res
850 3665 880 3721 in
895 3665 1049 3725 voluminis
1061 3667 1140 3727 haud

62 3768 143 3848 parvi
157 3769 264 3828 molem
275 3767 461 3826 excrevisset.
471 3768 566 3846 Tetigi
580 3788 651 3846 ergo
663 3789 711 3826 eas
723 3769 854 3842 nonnisi,
868 3791 933 3848 quae
948 3773 995 3830 vel
1009 3775 1141 3833 ueritatis·

62 3876 189 3955 quadam
202 3876 299 3954 speeie
312 3896 374 3934 sese
391 3875 642 3947 commendarent,
658 3877 703 3934 vel
718 3897 735 3934 a
749 3897 821 3935 vero
839 3899 927 3956 quam
942 3881 1073 3955 proxime
1085 3881 1139 3941 ab·

64 3997 171 4055 essent,
194 3982 240 4041 vel
259 3982 360 4042 utilem
379 3981 546 4061 disputandi
571 3983 720 4041 materiam
745 3983 925 4063 preberent,
947 3988 991 4045 vel
1014 3987 1139 4068 (leuique

67 4090 194 4149 virorum
223 4087 379 4148 doctorum
403 4089 537 4167 quamvis
563 4090 736 4149 immeritam
762 4091 1007 4170 approbationem
1035 4115 1138 4153 couse-
